4214 6096
1014 351 1049 412 st
1224 332 1243 371 ⁶

196 533 336 589 montem
360 522 444 609 Seyr
475 537 507 588 et
536 526 643 589 omnia
664 525 736 590 loca
763 528 850 592 cirea
873 550 962 592 mare
985 539 1145 595 mortuum
1167 541 1198 595 et
1218 530 1290 594 loca
1309 528 1518 593 latibulorum
1539 528 1664 611 Dauid3
1699 529 1868 595 Iordanem

195 641 327 726 insuper
347 661 448 723 usque
471 638 594 704 Sethim
616 652 647 704 et
668 664 770 726 usque
793 643 835 707 ad
858 653 997 709 montem
1020 644 1166 713 Abarim.
1212 645 1333 712 Contra
1357 645 1556 710 occidentem
1574 668 1652 709 uero
1675 644 1744 709 uidi
1764 654 1867 710 totum

193 755 284 820 littus
314 756 413 819 maris
440 759 550 841 magni
577 757 618 821 ab
640 758 741 845 Ioppe
772 781 872 845 usque
895 759 1021 824 Gazam
1050 772 1081 824 ct
1100 761 1264 826 Bersabee
1287 783 1389 847 usque
1410 761 1452 825 ad
1475 761 1637 825 desertum
1660 761 1739 843 Sur3
1768 771 1868 846 totam

195 875 329 958 insuper
355 883 475 935 terram
503 871 697 954 Philistiim,
727 897 746 937 a
772 874 991 962 Ramatbaym
1021 877 1156 963 Sophim
1177 899 1235 963 per
1265 876 1349 941 Geth
1380 890 1411 941 et
1438 877 1586 941 Accaron
1613 890 1643 941 et
1666 878 1806 943 Azotum
1838 894 1868 942 et

193 989 352 1055 lammam
375 997 407 1052 et
427 988 624 1053 Ascalonam
648 1013 719 1054 cum
742 993 827 1055 omni
850 990 989 1076 planicie
1013 992 1071 1056 sub
1094 1005 1200 1057 monte
1221 992 1311 1057 Iuda.

316 1121 370 1186 De
391 1121 496 1185 Rama
518 1120 591 1207 plus
614 1144 710 1207 quam
732 1122 833 1200 leuca,
856 1123 898 1187 ad
921 1123 1079 1205 dextram,
1101 1147 1203 1210 prope
1224 1126 1312 1188 uiam
1334 1130 1467 1209 regiam,
1488 1146 1549 1210 que
1572 1124 1660 1188 ducit
1675 1125 1796 1206 Ebron,
1820 1136 1868 1189 est
1886 1142 1914 1190 2¹

194 1243 362 1315 Mambre⁸)
375 1238 446 1318 553),
475 1237 531 1301 ubi
553 1237 723 1302 habitabat
744 1237 912 1302 Abraham
934 1239 1032 1324 longo
1054 1249 1216 1325 tempore,
1244 1240 1300 1304 ubi
1323 1239 1437 1304 sedens
1461 1240 1503 1303 ad
1523 1240 1697 1317 ffioemmr)
1720 1240 1869 1304 Mambre

192 1353 228 1417 in
253 1354 337 1418 ostio
368 1353 569 1417 tabernaculi
598 1356 647 1418 sui
674 1354 757 1419 uidit
784 1369 849 1418 trcs
871 1356 957 1418 uiros
980 1366 1123 1419 astantes
1146 1370 1177 1420 ct
1199 1368 1323 1437 cetera,
1354 1368 1387 1419 ut
1415 1356 1532 1419 dicitur
1555 1355 1675 1420 Genesi
1685 1358 1755 1419 Vll.
1799 1356 1868 1421 Ilex

194 1468 249 1533 illa
276 1469 371 1533 hodie
399 1469 578 1534 ostenditur
607 1482 682 1534 ante
710 1473 826 1534 ostium
852 1470 1053 1535 tabernaculi
1075 1471 1218 1536 Abrahe.
1263 1471 1382 1535 Uerum
1414 1471 1468 1535 illa
1497 1484 1590 1535 uetus
1617 1475 1720 1554 aruit,
1749 1473 1806 1537 sed
1827 1472 1868 1537 de

192 1584 304 1649 radice
325 1586 393 1649 eius
417 1586 482 1650 alia
503 1597 579 1649 nata
603 1596 661 1650 est.

317 1716 369 1781 De
390 1718 463 1782 ilice
483 1718 632 1782 Mambre
652 1741 711 1805 per
733 1717 902 1783 dimidiam
922 1718 1045 1783 leucam
1072 1719 1113 1784 ad
1137 1719 1285 1783 dextram
1308 1721 1399 1783 iuxta
1420 1722 1507 1784 uiam
1530 1733 1576 1785 est
1600 1726 1699 1782 Eiron
1712 1723 1784 1802 ⁵⁸⁶),
1814 1720 1870 1784 illa
1887 1736 1918 1786 22

194 1848 285 1898 uetus
313 1835 446 1914 ciuitas,
477 1835 638 1920 quondam
668 1837 965 1909 Gorr'utlrorbel’fflliz
1005 1835 1107 1917 dicta,
1143 1837 1176 1898 iu
1205 1858 1268 1919 qua
1297 1842 1444 1919 regnauit
1474 1837 1585 1901 Dauid
1614 1849 1735 1924 septem
1766 1838 1868 1932 annia,

195 1954 229 2014 iu
249 1961 358 2015 monte
380 1951 473 2027 sitae)
496 1950 577 2047 beno
599 1950 663 2014 alto
685 1961 717 2012 ct
737 1950 840 2031 firmo,
863 1950 919 2013 sed
943 1954 1071 2016 onmino
1093 1963 1142 2015 est
1164 1952 1337 2016 destructa.
1375 1951 1416 2015 Et
1442 1967 1513 2015 sunt
1536 1954 1627 2016 ruine
1653 1955 1720 2016 eius
1743 1976 1869 2038 magne,

194 2079 225 2131 et
245 2066 372 2131 uidetur
395 2067 494 2129 tuisse
518 2066 669 2151 gloriosa.

318 2181 461 2245 Deista
487 2183 616 2245 ciuitate
643 2194 796 2268 quantum
828 2195 935 2268 potest
962 2206 1056 2247 arcus
1083 2186 1188 2246 iacere
1218 2193 1329 2247 contra
1352 2192 1495 2246 austrum
1518 2194 1566 2246 est
1588 2187 1688 2245 Ebroa
1710 2184 1868 2260 aornim),
1887 2204 1918 2252 23

195 2299 346 2365 edificata
366 2300 400 2361 in
421 2296 503 2379 loco,
526 2297 581 2360 ubi
604 2312 672 2362 crat
694 2297 849 2383 spelunca
872 2299 1011 2385 duplex,
1037 2301 1069 2362 in
1093 2322 1156 2385 qua
1177 2299 1293 2385 sepulti
1317 2311 1389 2363 sunt
1410 2298 1516 2362 Adam
1539 2310 1570 2362 et
1592 2298 1679 2380 Eua,
1702 2299 1869 2363 Abraham

195 2427 228 2482 et
247 2415 347 2496 Sara,
376 2413 484 2476 Ysaac
506 2426 537 2478 et
558 2413 724 2494 Rebecca,
757 2415 855 2479 Iacob
884 2431 915 2479 et
936 2416 1005 2480 Lia.
1049 2414 1222 2478 Sarraceni
1245 2417 1364 2492 circae>
1392 2414 1476 2478 hauc
1498 2414 1685 2501 speluncam
1708 2416 1869 2500 duplicem

193 2531 426 2598 edificauerunt
447 2531 664 2610 munitionem,
686 2530 812 2594 firmam
834 2531 939 2611 ualde,
961 2535 994 2595 in
1017 2554 1082 2618 qua
1104 2547 1173 2595 crat
1197 2531 1333 2594 eeclesia
1355 2530 1578 2611 katlrcdralis,
1602 2533 1635 2593 in
1659 2534 1747 2595 euius
1770 2534 1869 2595 muris

195 2648 264 2712 uidi
283 2648 410 2734 lapides
432 2646 556 2725 XXVI,
579 2646 725 2710 XXVIII
750 2660 781 2709 et
803 2647 904 2710 XXX
914 2661 937 2723 8)
962 2647 1099 2733 pedum,
1122 2658 1154 2710 et
1173 2670 1236 2710 non
1257 2647 1325 2710 uidi
1347 2651 1380 2711 in
1403 2651 1489 2711 sirco
1512 2661 1542 2711 et
1567 2647 1662 2732 plano
1685 2647 1790 2710 locum
1813 2645 1869 2709 ali·

197 2786 292 2850 quem
320 2766 367 2827 ita
399 2765 535 2830 firmum.
580 2762 770 2849 Sepulcrum
804 2764 1062 2848 patriarcharum
1096 2765 1227 2827 uisitaui
1258 2765 1290 2826 in
1310 2763 1382 2827 loco
1404 2766 1484 2843 isto,
1512 2774 1543 2827 et
1565 2765 1669 2827 mansi
1690 2765 1724 2826 in
1747 2786 1783 2827 eo
1806 2784 1870 2825 una

194 2889 297 2945 nocte.

320 2997 372 3061 Dc
395 2995 549 3082 spelunea
571 2995 693 3081 duplici
716 3006 827 3060 contra
849 2994 1058 3075 occidentem,
1082 3005 1237 3079 quantum
1260 2997 1366 3058 iacere
1389 3006 1496 3081 potest
1517 3016 1628 3074 arcus,
1651 3005 1699 3056 cst
1722 3016 1792 3072 uper
1816 2998 1868 3053 do-
1887 3018 1920 3068 24

195 3112 429 3191 marcenrn⁵⁴⁵¹’),
462 3114 494 3175 in
522 3135 584 3199 quo
607 3111 676 3176 loco
701 3111 877 3197 plasmatus
899 3112 957 3174 fuit
981 3110 1095 3173 Adam.
1141 3110 1230 3193 Ager
1251 3112 1311 3173 istc
1333 3113 1365 3173 in
1387 3113 1434 3174 roi
1461 3112 1596 3175 ueritate
1618 3108 1711 3172 ualde
1735 3107 1870 3172 rubeam

196 3228 294 3293 habet
320 3239 457 3308 terram,
486 3250 547 3314 quc
569 3230 698 3292 omnino
721 3226 892 3306 flexibilis,
921 3230 1004 3290 sicut
1026 3249 1109 3291 cera.
1152 3227 1204 3290 Dc
1227 3248 1290 3313 qua
1312 3226 1370 3290 tuli
1391 3228 1423 3290 in
1446 3250 1565 3313 magna
1588 3227 1777 3313 quantitate.
1822 3225 1869 3288 si-

197 3344 317 3408 militer
343 3344 466 3408 faeiunt
489 3345 654 3429 peregrini
675 3342 731 3406 alii
753 3352 784 3406 et
806 3342 983 3407 Christiani
1004 3345 1173 3407 uisitantes
1194 3343 1265 3407 loca
1286 3344 1358 3406 ista.
1402 3342 1575 3407 Sarraceni
1596 3345 1727 3427 insuper
1749 3352 1870 3404 terram

197 3461 293 3524 Istam
315 3471 447 3545 portant
467 3459 598 3523 camelis
622 3462 655 3522 in
676 3459 842 3544 Egyptum
866 3471 897 3521 et
919 3457 1105 3544 Etlriopiam
1129 3471 1160 3522 et
1182 3457 1323 3522 Yndiaru
1347 3469 1378 3522 et
1400 3459 1443 3522 ad
1465 3458 1530 3522 alia
1551 3457 1639 3538 loca,
1669 3480 1728 3543 pro
1750 3457 1870 3541 specie·

197 3573 258 3640 bus
279 3575 375 3640 ualde
397 3577 482 3639 caris
506 3574 681 3639 uendentes
705 3596 785 3638 eam.
828 3573 872 3637 Et
893 3584 1001 3637 tamen
1023 3574 1152 3637 modica
1174 3584 1312 3659 apparet
1333 3576 1432 3638 fossio
1453 3573 1542 3650 illos)
1566 3576 1597 3636 in
1620 3572 1699 3638 loco.
1740 3572 1872 3635 Dicitur

197 3693 292 3772 enim,
315 3691 400 3778 quod
423 3713 507 3755 anno
530 3692 685 3770 reuoluto,
709 3704 989 3777 quantumcunque
1012 3712 1130 3774 magna
1155 3691 1194 3752 sit
1216 3690 1329 3766 fossio,
1359 3712 1486 3776 semper
1508 3687 1700 3753 miraculose
1722 3686 1871 3773 repletur.

201 3805 265 3871 Sed
299 3806 418 3871 oblitus
445 3809 491 3871 sui
521 3830 655 3894 querere
684 3809 731 3870 rei
759 3808 944 3887 ueritatem3
978 3807 1039 3871 lmc
1061 3820 1169 3870 tamen
1191 3805 1278 3885 dieo,
1316 3805 1402 3892 quod
1423 3806 1551 3869 modica
1571 3806 1631 3869 suit
1653 3806 1767 3884 thesio,
1800 3825 1871 3865 eum

197 3944 300 3987 casem
322 3923 385 4004 ibi,
414 3925 461 3986 ita
483 3923 569 4009 quod
590 3924 646 3986 uix
669 3933 806 4008 quatuor
829 3924 889 3985 uiri
911 3922 1070 3986 sedissent
1089 3924 1123 3986 in
1147 3945 1200 4002 ea3
1230 3943 1289 3985 nec
1318 3932 1388 3985 erat
1410 3921 1620 4007 profundior,
1652 3943 1747 4008 quam
1771 3942 1873 4007 usque

201 4037 353 4124 scapulas
376 4061 473 4106 meas.
517 4040 647 4102 Dicitur
674 4052 782 4102 tamen
791 4088 799 4118 ,
828 4037 923 4123 quod,
953 4042 1134 4125 quicunque
1163 4050 1283 4101 terram
1312 4039 1407 4101 istam
1432 4060 1540 4102 secum
1562 4048 1686 4122 portat,
1719 4036 1872 4109 auimalss)

198 4176 271 4219 eum
290 4177 354 4220 nou
376 4154 516 4219 offendit.
552 4155 725 4218 Hominem
748 4157 880 4240 insuper
902 4154 1018 4217 dieitur
1044 4178 1063 4217 a
1090 4177 1168 4218 casu
1192 4176 1393 4217 coriseruure.
1432 4152 1534 4217 Uallia
1557 4155 1619 4217 ista
1635 4153 1873 4217 contraEbron

195 4270 310 4335 fertilis
332 4282 381 4334 est
403 4272 497 4335 nimis
523 4283 553 4334 ct
576 4293 698 4335 amena.

320 4387 481 4451 Defessa
504 4391 567 4451 ista
589 4400 700 4450 contra
722 4397 868 4449 austrum
890 4385 932 4449 ad
953 4389 1074 4448 iactum
1095 4406 1190 4448 arcus
1212 4398 1260 4448 est
1282 4384 1387 4465 locus,
1420 4385 1475 4449 ubi
1499 4385 1591 4470 Cayn
1614 4385 1713 4466 Abel,
1740 4388 1872 4450 fratrem
1890 4403 1921 4451 25

262 4571 289 4640 a)
306 4570 416 4623 rnanbre
434 4568 474 4623 St.
498 4599 528 4608 -
553 4568 581 4637 b)
598 4568 711 4621 otim-lie
730 4570 760 4622 st
772 4565 798 4622 h.
819 4597 849 4606 -
874 4576 899 4633 c)
916 4568 970 4619 aito
988 4574 1012 4618 ot
1031 4564 1069 4618 St.
1096 4597 1128 4604 —
1150 4565 1178 4630 d)
1198 4568 1273 4620 eirea
1295 4585 1346 4621 om.
1366 4567 1414 4629 St..
1434 4566 1518 4621 habet
1537 4567 1561 4621 h,
1582 4598 1613 4606 -
1641 4584 1665 4635 e)
1685 4573 1729 4625 26,
1749 4570 1780 4620 28
1799 4573 1823 4620 ct
1841 4571 1872 4618 20

326 4655 428 4721 pedam
446 4651 485 4706 St.
507 4683 537 4691 -
555 4653 580 4717 f)
601 4651 652 4705 illa
671 4651 703 4704 St
715 4650 739 4704 h.
760 4682 788 4688 —
810 4661 839 4720 g)
858 4650 899 4703 uil
918 4650 973 4702 mol
992 4649 1031 4703 St.
1051 4649 1156 4701 orrimcl
1175 4650 1199 4701 h.

258 4828 328 4897 583)
351 4825 495 4900 Morabrc]
518 4825 605 4882 Nunc
626 4823 745 4881 er-Ram
766 4842 857 4900 prope
881 4821 1011 4881 Hebron.
1120 4827 1189 4895 587)
1216 4822 1419 4897 Corinthorde]
1440 4822 1494 4879 Est
1517 4821 1633 4879 Kiriath
1655 4820 1737 4878 Arba
1760 4840 1782 4879 s.
1805 4819 1874 4878 urbs

196 4919 263 4982 vid.
285 4943 313 4982 v.
335 4923 464 4982 Raumer
486 4944 512 5001 p.
543 4928 596 4983 182
620 4944 649 4981 ιι.
675 4929 741 4982 787.
785 4919 843 4994 Qui
864 4923 934 4979 citat
956 4921 1012 4978 Ro·
1054 4920 1144 4980 Arba.
1190 4922 1225 4981 V.
1248 4923 1342 4980 ltitter
1361 4921 1447 4980 XVI.
1469 4925 1523 4979 211
1552 4943 1593 4998 sq.

197 5018 354 5079 binsonum
376 5022 512 5081 Biblioth.
534 5042 617 5081 sacra
645 5025 720 5081 1843
745 5041 771 5078 n.
800 5027 810 5079 l
836 5043 864 5098 p.
889 5026 925 5080 52
950 5040 991 5098 sq.
1119 5024 1189 5091 588)
1212 5021 1311 5077 Ebroa
1327 5020 1416 5093 nouo]
1435 5038 1536 5078 recens
1552 5017 1698 5077 el·Klralil
1717 5038 1739 5075 s.
1755 5013 1873 5088 Khrilil

261 5123 332 5194 584)
345 5122 447 5197 ilicem]
470 5122 567 5194 Quam
581 5121 703 5177 sindico
717 5118 817 5177 dicunt
831 5120 954 5179 Arabes.
978 5119 1013 5179 V.
1054 5119 1071 5175 i.
1083 5137 1107 5177 e.
1122 5119 1240 5189 amicus,
1253 5139 1273 5176 s.
1285 5116 1479 5188 Abrahamus,
1491 5118 1601 5175 auricus
1611 5118 1674 5176 Ilei.
1694 5115 1752 5175 Sed
1768 5118 1873 5178 eadem

196 5215 290 5277 Ritter
302 5219 388 5280 XVI.
406 5225 464 5281 222
479 5242 540 5299 sqq.
563 5216 1012 5297 &RobinsonPa1.11.717sq.
1056 5236 1075 5273 a
1102 5217 1199 5275 seculo
1229 5216 1296 5274 iude
1320 5215 1382 5272 XII
1407 5215 1595 5274 'l'ell-Beilrin
1623 5216 1712 5275 fuisse
1741 5216 1871 5276 traditur.

260 5323 332 5392 585)
357 5318 473 5394 Genese]
496 5318 616 5377 XVIII.
640 5323 725 5378 1—3.
858 5326 860 5331 ’
1056 5315 1191 5393 Denique
1217 5315 1267 5372 alii
1294 5315 1366 5372 alios
1393 5317 1418 5373 ei
1445 5314 1525 5372 locos
1554 5316 1712 5390 assignant.
1755 5317 1791 5376 V.
1814 5337 1872 5374 van

260 5420 331 5490 586)
353 5418 461 5493 Ebroa]
490 5418 613 5476 Hebron
641 5417 887 5492 ucrucesiguatis
914 5414 1013 5494 appel·
1056 5413 1094 5472 de
1118 5412 1211 5472 Velde
1235 5413 1323 5471 Mem.
1346 5435 1373 5492 p.
1398 5418 1455 5473 319
1479 5433 1521 5490 sq.

195 5514 312 5576 labatur
333 5516 484 5574 castellum
511 5518 604 5575 sancti
623 5514 794 5574 Abrahami.
837 5514 884 5572 De
906 5535 963 5593 quo
985 5536 1013 5574 v.
1120 5517 1190 5579 589)
1228 5533 1301 5589 aper
1338 5512 1542 5586 durau-roenna]
1581 5511 1617 5571 V.
1658 5512 1752 5571 Ritter·
1786 5512 1872 5572 XVI.

196 5613 291 5675 Ritter
311 5613 397 5674 XVI.
423 5618 490 5674 210.
1056 5617 1114 5673 212
1136 5632 1177 5690 sq.

1635 5729 1661 5777 11
