4214 6096
996 397 1036 458 93

174 586 283 662 potest
310 574 502 661 dispensari.
560 573 595 638 Si
618 596 700 638 uxor
721 576 787 638 eius
811 573 1025 653 adulteratae)
1042 576 1154 654 fucrit,
1175 573 1327 637 sacerdos
1351 583 1406 636 aut
1428 573 1619 655 continebit,
1642 576 1730 651 autb)
1751 574 1850 638 eecle-

175 692 257 755 siam
283 700 313 754 et
336 692 477 755 officium
502 690 626 777 perdet,
650 713 732 753 uxor
754 712 831 754 uero
853 714 968 754 nasum
989 690 1123 777 perdet,
1147 698 1178 752 et
1198 690 1258 770 uir,
1283 691 1431 775 quicum
1454 712 1493 753 ea
1516 689 1703 771 concubuit,
1726 700 1848 755 castra·

176 805 278 889 bitur,
297 808 445 893 quamuis
468 808 570 869 eciam
592 807 688 869 fuerit
710 815 875 870 uxoratus.
918 805 1010 870 Istud
1028 807 1150 869 factum
1171 806 1232 869 fuit
1252 828 1304 869 me
1327 818 1485 890 presente.
1528 806 1657 870 Mortuo
1680 804 1849 869 sacerdote

175 946 259 987 uxor
292 923 476 987 continebit.
520 921 554 986 Si
583 924 797 1003 contraxerit,
824 924 900 1007 igne
931 922 1147 999 cremabitnr3
1175 924 1202 985 si
1220 923 1376 986 meretrix
1403 922 1500 984 fuerit
1521 923 1621 1002 facta,
1652 921 1751 984 nichil
1773 920 1849 985 mali

176 1040 329 1126 pacietur.
371 1040 417 1103 Et
450 1048 497 1102 est
528 1060 646 1101 nontam
678 1048 830 1101 statutum
863 1037 952 1124 apud
979 1062 1050 1102 eos:
1086 1038 1246 1102 Sacerdos
1275 1037 1451 1101 seeundum
1480 1037 1662 1123 apostolum
1690 1039 1850 1121 uirginem

177 1155 273 1219 ducet
300 1177 445 1219 ttxorem.
473 1192 514 1200 —
543 1154 735 1218 Sacerdotes
760 1154 986 1218 Armeniorum
1013 1168 1045 1218 et
1074 1154 1334 1239 Georgianorum
1366 1153 1592 1217 discernuntur
1622 1176 1642 1216 a
1668 1152 1765 1237 uulgo
1792 1175 1860 1240 per·

175 1294 318 1358 pannum
340 1271 448 1334 album
468 1270 597 1350 lineum,
623 1292 717 1355 quem
737 1269 940 1333 circumdant
961 1271 1103 1356 scapulis
1126 1280 1158 1334 et
1179 1271 1269 1335 eollo.

301 1413 419 1492 Fures,
453 1413 507 1497 qui
539 1411 666 1474 minora
694 1412 780 1473 tbrta
804 1411 1021 1491 committunt,
1054 1410 1106 1474 uel
1130 1410 1354 1476 malefactores
1381 1412 1437 1476 alii
1460 1412 1693 1475 committentes
1715 1412 1901 1473 criminato

176 1528 302 1591 minora
324 1538 525 1605 castrantur,
553 1548 593 1588 ne
621 1525 705 1589 filios
727 1537 882 1610 generent
904 1536 1112 1610 paternorum
1133 1529 1303 1592 criminum
1326 1530 1511 1591 imitatores.
1554 1525 1598 1588 Et.
1625 1527 1751 1589 elidetur
1771 1525 1851 1589 mihi

177 1666 248 1707 esse
269 1667 334 1707 tura
356 1666 463 1723 causa,
487 1665 586 1729 quare
608 1653 653 1705 tot
677 1644 861 1705 meretrices
886 1652 957 1705 sunt
980 1642 1041 1706 ibi:
1064 1643 1156 1707 multi
1178 1646 1263 1707 enim
1280 1655 1353 1707 sunt
1371 1643 1416 1707 ibi
1435 1642 1581 1723 eunuchi,
1603 1655 1635 1705 ct
1650 1665 1759 1706 omnes
1778 1653 1853 1706 sunt

176 1758 289 1823 famuli
311 1759 465 1824 nobilium
488 1757 667 1835 mulierum,
690 1768 721 1820 et
744 1757 850 1839 credo,
873 1759 958 1844 cqttod
981 1760 1093 1843 regina
1114 1759 1268 1823 Armenie
1290 1760 1398 1845 plures
1421 1782 1517 1845 qnam
1535 1759 1596 1822 XL
1620 1757 1733 1821 habuit
1755 1780 1852 1821 etmu-

178 1874 271 1955 ehos,
302 1876 430 1960 quaudo
461 1898 549 1937 eram
579 1873 665 1959 apud
695 1897 772 1937 eam.
816 1875 882 1937 Nee
911 1874 1015 1937 nullus
1045 1875 1225 1959 ingreditur
1253 1875 1294 1938 ad
1328 1899 1397 1938 eam
1420 1874 1598 1954 masculus,
1630 1875 1694 1936 nisi
1714 1873 1754 1937 de
1776 1896 1852 1958 rege

178 1989 315 2053 licencia
342 1992 485 2077 speciali.
530 1990 594 2070 Qui
622 1990 723 2051 ceiam
754 1991 933 2053 eunuchum
961 1990 1101 2076 aliquem
1131 2014 1172 2055 ex
1203 1994 1330 2055 nomine
1353 1993 1512 2077 assignat,
1541 1992 1595 2075 qui
1619 1988 1852 2073 ingredientem

180 2107 349 2171 conducat.
393 2107 548 2172 Similiter
570 2108 605 2169 fit
627 2106 666 2168 de
690 2105 836 2169 omnibus
860 2106 1021 2171 nobilibus
1042 2107 1241 2188 mtdieribus,
1263 2120 1294 2170 et
1315 2108 1422 2171 uiduis
1442 2119 1472 2169 ct
1493 2106 1662 2169 maritatis.

305 2248 411 2331 Reges
434 2260 465 2311 et
487 2248 651 2333 principes
677 2259 708 2309 et
730 2270 839 2309 euntes
862 2246 985 2311 nobiles
1009 2247 1143 2311 stuliunt
1163 2246 1374 2310 libentissime
1398 2245 1533 2310 uerbum
1554 2245 1626 2307 Dei.
1670 2244 1765 2307 Unde
1788 2260 1899 2309 cot-11

181 2363 261 2428 tidie
288 2365 330 2428 ad
357 2364 469 2428 horam
492 2365 624 2426 terciam
647 2362 829 2425 uerthabite
857 2365 926 2426 siue
954 2363 1104 2427 monaehi
1132 2365 1253 2426 curiam
1284 2365 1370 2447 regis
1403 2364 1470 2425 siue
1496 2363 1654 2447 principis
1666 2370 1689 2439 θ’).
1718 2360 1852 2425 alicuius

184 2479 319 2561 adeunt,
351 2481 393 2544 ad
415 2503 496 2564 qttos
519 2480 626 2542 statim
650 2478 807 2541 accedunt
834 2479 999 2564 principes
1028 2480 1091 2564 ipsi
1113 2478 1164 2542 ucl
1187 2479 1307 2543 domiui
1329 2502 1399 2541 eum
1422 2477 1497 2541 filiis
1519 2480 1584 2542 suis
1607 2490 1637 2540 et
1660 2477 1853 2564 petentibus.

181 2596 366 2683 Apponitur
393 2595 476 2658 liber
505 2594 621 2680 aliquis
651 2595 818 2679 scripture.
860 2594 902 2657 Et
926 2593 1044 2679 legitur
1065 2618 1175 2658 efferam
1198 2596 1243 2657 eis
1265 2599 1297 2658 in
1319 2594 1464 2675 tutlgari,
1494 2596 1569 2680 quia
1591 2593 1733 2678 linguam
1756 2592 1853 2655 aliam

182 2714 340 2793 nesciunt,
362 2732 393 2776 et
415 2713 588 2797 exponitur
611 2712 656 2773 eis
678 2720 785 2772 textus
809 2733 827 2772 a
850 2711 1029 2791 monacbis,
1053 2724 1086 2774 et
1107 2709 1287 2797 ubieunque
1310 2710 1461 2774 dubitant
1482 2709 1641 2772 seculares
1663 2719 1694 2771 ct
1716 2709 1852 2793 questio-

182 2851 239 2893 nes
272 2840 416 2908 moucnt,
455 2852 474 2890 a
510 2826 675 2889 monachis
707 2829 909 2888 instruuntur
945 2827 1118 2890 secundum
1153 2825 1239 2890 dieta
1273 2841 1467 2889 sanctorum.
1527 2827 1662 2904 Quesiui
1698 2824 1739 2887 ab
1774 2825 1854 2909 ipsis

182 2945 366 3025 monachis,
395 2967 474 3030 qum
507 2942 656 3005 doctores
684 2944 824 3005 nutximc
853 2942 1089 3028 sequen-turtur?
1122 2954 1152 3005 et
1173 2942 1339 3024 dixerunt,
1368 2944 1452 3026 quod
1479 2944 1562 3005 inter
1584 2943 1758 3027 precipuos
1782 2952 1856 3003 sunt

181 3064 252 3126 isti:
275 3062 434 3126 lohannes
458 3059 717 3143 ChrysostomuS,
741 3057 920 3142 Gregorius
940 3060 1179 3137 NaziaucenuS,
1209 3058 1351 3143 Cyrillus
1374 3057 1623 3123 Alexamlrinus.
1647 3097 1685 3106 -
1719 3056 1855 3120 Multum

184 3178 293 3242 deuoti
326 3188 401 3241 suut
433 3179 465 3238 in
494 3174 629 3238 ecclesia
657 3184 688 3238 et
721 3173 830 3236 clerici
852 3188 882 3237 et
904 3174 995 3255 laici,
1027 3186 1059 3238 et
1079 3173 1177 3237 nichil
1201 3173 1245 3237 ibi
1267 3176 1389 3237 taeiunt
1417 3177 1480 3238 nisi
1504 3173 1587 3258 quod
1608 3184 1664 3236 aut
1686 3184 1779 3237 orant
1801 3183 1856 3235 aut

184 3306 315 3357 cantant
337 3303 393 3356 aut
415 3306 521 3356 cetera
543 3293 681 3370 litciunt,
710 3314 771 3376 que
796 3290 836 3353 cle
863 3293 932 3353 iure
961 3290 1006 3354 ibi
1029 3292 1099 3354 fieri
1122 3290 1249 3354 debent.
1292 3290 1463 3374 Nunquam
1485 3289 1625 3353 uidimus
1654 3289 1793 3376 aliquem
1822 3290 1855 3351 in

182 3409 321 3474 ecelesia
342 3408 449 3473 ridere
470 3408 521 3472 uel
543 3407 740 3471 dissolutum.

288 3542 458 3644 ,Officium
480 3543 578 3604 misse
600 3540 752 3603 deuotum
773 3551 821 3602 est
844 3538 931 3625 apud
953 3563 1017 3604 eos.
1053 3538 1149 3605 Calix
1171 3539 1213 3604 ad
1236 3540 1400 3603 sinistram
1422 3539 1534 3603 altaris
1556 3540 1589 3601 in
1609 3560 1702 3600 nntro
1725 3538 1759 3599 in
1782 3534 1853 3599 loco

183 3658 307 3724 adhoc
328 3658 430 3737 facto,
463 3679 556 3744 quem
586 3655 629 3717 ad
651 3656 847 3718 offertorium
872 3655 1025 3720 diaconus
1047 3679 1119 3719 eum
1141 3678 1248 3741 panno
1270 3657 1372 3719 serico
1395 3657 1541 3740 precioso
1563 3662 1748 3717 reuerenter
1769 3651 1856 3715 leuat

184 3798 281 3862 super
308 3787 404 3860 caput
435 3796 543 3852 suum,
571 3770 763 3856 precedente
792 3793 863 3834 emn
891 3771 1088 3836 subdiacono
1111 3794 1182 3835 cum
1206 3771 1361 3851 turibulo,
1393 3782 1424 3834 et
1452 3770 1576 3834 duobus
1599 3768 1758 3833 acoluthis
1780 3790 1854 3831 cum

186 3893 287 3956 cereis
321 3891 423 3953 eciam
457 3887 678 3950 incedentibus
711 3895 889 3949 retrorsum
917 3898 1036 3973 gyrant
1067 3888 1169 3950 altare
1203 3887 1245 3951 ad
1275 3887 1426 3951 dextram
1453 3886 1583 3966 altaris,
1617 3895 1649 3948 et
1676 3896 1753 3948 tttuc
1781 3907 1854 3948 eum

185 4009 320 4093 suscipit
343 4007 514 4092 episcopus
537 4013 721 4066 reuerentcr
744 4013 775 4065 et
796 4002 890 4066 offert
911 4026 982 4066 eum
1006 4005 1087 4067 sieut
1109 4016 1140 4067 et
1162 4005 1264 4067 nostri
1286 4005 1409 4067 faciunt
1433 4002 1627 4067 sacerdotes.
1671 4000 1746 4064 Duo
1770 4010 1856 4064 stant

185 4146 257 4188 cum
279 4123 381 4185 cereis
403 4121 547 4183 accensis
569 4130 655 4183 retro
680 4118 880 4183 sacerdotem
900 4119 985 4182 infra
1008 4142 1177 4201 canonem,
1208 4131 1239 4183 et
1260 4121 1353 4183 iuxta
1376 4142 1430 4183 eos
1453 4118 1516 4182 duo
1539 4140 1612 4181 eum
1634 4117 1784 4180 turibtdis
1809 4118 1855 4179 in-

184 4238 252 4303 duti
280 4237 372 4301 albis.
415 4237 490 4300 Duo
521 4259 596 4298 ucro
627 4234 754 4299 diaconi
784 4246 869 4298 stant
895 4237 927 4298 in
957 4234 1113 4298 lateribus
1143 4235 1255 4299 altaris
1278 4259 1297 4299 a
1321 4235 1444 4299 dextris
1472 4245 1502 4297 et
1527 4235 1684 4315 sinistris,
1715 4231 1855 4318 complo-

184 4356 261 4431 sisa)
283 4351 432 4416 manibus
454 4350 567 4413 (lcuote
589 4362 728 4432 orantes,
751 4354 855 4415 uersis
877 4350 1019 4415 tndtibus
1043 4350 1083 4413 ad
1108 4374 1226 4438 corpus
1244 4351 1366 4417 Christi
1388 4350 1561 4415 melodiam
1582 4349 1746 4436 quandam
1761 4347 1856 4411 ualde

184 4470 334 4534 deuotam
362 4478 393 4530 ot
422 4468 547 4531 dulcem
571 4475 737 4530 cantantes
760 4478 791 4529 et
811 4466 872 4531 sibi
895 4467 1086 4532 altrinsecus
1109 4467 1353 4553 respondentes.
1397 4466 1488 4531 lstud
1516 4468 1586 4530 sine
1616 4465 1714 4529 dubio
1745 4463 1857 4527 stidore

184 4593 215 4649 et
237 4584 350 4648 audire
372 4583 614 4648 deuotissimum
638 4594 693 4646 cst.

310 4716 414 4780 Multa
447 4715 510 4778 alia
542 4714 610 4779 uidi
643 4718 676 4779 in
704 4724 793 4779 terra
819 4714 874 4777 illa
902 4723 967 4778 tam
998 4718 1031 4776 in
1060 4714 1169 4799 laicis,
1196 4740 1292 4803 quam
1322 4718 1356 4779 in
1383 4716 1509 4781 clericis
1531 4727 1562 4779 ct
1582 4714 1749 4778 nronachis
1771 4734 1856 4778 com·

183 4832 382 4897 mendabilia
403 4832 516 4913 ualde,
540 4855 601 4916 quc
622 4833 678 4895 uix
700 4833 733 4895 in
754 4844 842 4894 terra
863 4842 976 4894 nostra
996 4830 1067 4893 fieri
1088 4832 1304 4897 crederent-ur.

310 4965 465 5029 Transiui
496 4976 599 5028 totam
636 4976 755 5027 terram
784 4963 872 5027 illam
900 4987 1001 5049 usque
1031 4964 1276 5049 Cappadociam
1304 4982 1335 5027 et
1360 4964 1540 5028 Seleuciam
1573 4962 1787 5039 maritimam,
1826 4970 1908 5022 et12

183 5082 260 5145 inde
287 5082 444 5166 nauigaui
467 5082 626 5166 Cyprum,
654 5092 685 5143 et
712 5078 937 5165 peratnbulaui
967 5102 1025 5164 pro
1053 5103 1172 5163 magna
1201 5092 1295 5165 parte
1322 5083 1497 5165 regionem.
1539 5078 1619 5142 lude
1647 5077 1803 5161 tntuigaui
1823 5077 1857 5138 in

184 5196 315 5283 Syriam
337 5208 368 5261 ct
389 5199 464 5261 ttoni
486 5197 625 5283 Tyrum,
657 5205 689 5259 et
711 5206 784 5281 post
805 5195 874 5258 dics
898 5194 1022 5281 aliquot
1043 5195 1118 5258 inde
1138 5197 1297 5279 nauigans
1327 5219 1385 5282 per
1408 5195 1497 5259 littus
1519 5193 1683 5258 Palestine
1704 5214 1761 5255 seu
1783 5190 1856 5255 Phi-

182 5312 294 5377 listiim
317 5314 512 5399 pertransitu
535 5312 716 5398 Caypltam,
738 5321 879 5375 montem
900 5311 1094 5392 Carmelum,
1118 5311 1260 5392 Doram,
1284 5311 1458 5375 Cesarcam
1479 5310 1653 5391 Palestine,
1674 5308 1857 5393 Antipatri-

184 5429 277 5511 dam,
307 5430 449 5514 Ioppeu,
472 5429 646 5515 lumniam,
667 5428 831 5508 Aecaron,
853 5427 1010 5506 Azotum,
1032 5427 1242 5507 Ascalonem,
1270 5426 1410 5509 Gazam,
1434 5427 1597 5513 desertum
1619 5435 1720 5489 totum
1745 5444 1858 5486 areno-

1890 5532 1900 5555 Ι

252 5614 279 5675 a)
296 5610 424 5663 adteltera
441 5612 479 5665 St.
505 5610 662 5664 mislterota
679 5607 705 5662 h.
730 5640 762 5647 -
790 5607 818 5674 b)
836 5616 885 5662 eat
902 5625 954 5663 orn.
976 5608 1029 5678 St,
1054 5608 1139 5663 habet
1155 5609 1180 5662 h.
1212 5642 1241 5650 -
1267 5610 1294 5679 e)
1308 5609 1450 5679 principis
1467 5626 1521 5663 orn.
1540 5608 1591 5667 St,
1620 5606 1704 5659 habet
1720 5605 1747 5659 b.
1773 5635 1804 5644 -
1829 5604 1859 5673 d)

319 5711 378 5746 eum
392 5693 485 5762 plosa's
500 5694 540 5748 st.
