4214 6096
999 386 1056 448 139

193 560 282 625 mina
302 557 454 642 Herodis,
476 563 623 648 quicum
645 572 833 650 persecutus
856 562 931 636 est?
963 562 1071 644 Pilati,
1092 561 1186 627 Anne
1209 573 1240 628 et
1263 562 1414 650 Cayphe,
1437 566 1585 651 quicum
1607 562 1860 628 crucifixerunt?

193 684 225 740 et
240 674 340 757 Iude,
369 677 424 762 qui
444 675 605 763 prodidit,
632 687 663 743 et
684 680 787 762 Petri,
817 680 870 765 qui
892 681 1025 764 negauit
1044 678 1141 743 eum?
1172 680 1325 744 Preterea
1352 679 1428 744 talis
1450 681 1590 744 mutacio
1613 692 1668 743 aut
1689 681 1861 766 corrupcio
1880 688 1911 740 23
1937 699 1942 706 ·

194 789 355 876 euangelii
377 802 432 856 aut
454 793 513 857 fuit
535 794 678 874 occulta,
706 805 737 860 et
758 807 834 858 tunc
854 817 919 859 non
940 796 1045 881 potuit
1066 816 1138 859 esse
1159 794 1336 881 generalis,
1365 805 1397 860 ct
1419 806 1598 859 remaneret
1619 796 1740 859 veritas
1763 818 1859 859 euan-

190 906 267 995 gelii
287 907 323 971 in
344 906 452 993 aliqua
473 912 722 996 prouinciarum,
745 919 800 975 aut
821 910 882 973 fuit
904 909 1065 994 generalis
1088 921 1119 974 et
1141 912 1331 993 manifesta,
1356 923 1387 975 et
1408 922 1484 975 tunc
1505 933 1570 974 non
1592 914 1695 996 potuit
1718 933 1788 974 esse
1811 934 1860 975 oc·

191 1021 279 1088 culta
309 1032 340 1087 et
367 1023 498 1088 credita.
546 1025 699 1090 Preterea
726 1027 752 1089 si
781 1025 954 1090 Sarraceni
981 1026 1102 1107 sciunt,
1135 1025 1222 1112 quod
1256 1037 1334 1113 aput
1365 1049 1475 1092 omnes
1498 1026 1703 1092 Christianos
1731 1029 1763 1090 in
1796 1038 1861 1090 toto
1880 1040 1913 1088 24

191 1138 312 1205 mundo
339 1149 389 1203 est
420 1140 623 1226 euangelium
656 1149 842 1226 corruptum
869 1150 900 1205 et
928 1150 1100 1222 mutatum,
1135 1140 1307 1205 ostendant
1328 1142 1422 1207 nobis
1446 1155 1526 1228 aput
1548 1144 1636 1228 ipsos
1659 1141 1860 1226 euangelium

192 1255 362 1342 integrum.
406 1254 490 1319 Nam
511 1258 595 1320 etin
618 1256 761 1321 Baldaco
782 1266 813 1321 et
834 1259 867 1320 in
889 1256 1079 1334 Meocis²⁰⁵b
1101 1258 1162 1321 fuit
1185 1256 1325 1321 studium
1348 1257 1559 1344 abantiquo,
1590 1257 1645 1321 vbi
1666 1260 1700 1322 in
1721 1257 1862 1322 archiuis
1880 1268 1912 1317 25

193 1368 448 1436 Sarracenorum
469 1371 545 1435 libri
567 1373 782 1459 antiquissimi
805 1373 1010 1459 reperiuntur
1034 1383 1064 1435 et
1087 1383 1336 1455 conseruantur,
1365 1397 1445 1461 quos
1467 1374 1561 1439 nobis
1584 1373 1811 1454 ostendebant,
1833 1387 1863 1437 et

191 1495 301 1551 tamen
325 1509 498 1574 numquam
521 1498 692 1574 potuerunt
712 1487 805 1552 nobis
828 1488 998 1552 ostendere
1018 1488 1106 1552 aliud
1127 1488 1331 1575 euangelium
1352 1491 1414 1553 nisi
1432 1491 1513 1553 sicut
1531 1501 1579 1554 est
1596 1503 1675 1576 aput
1689 1513 1756 1555 nos.
1791 1489 1863 1553 Hoc
1881 1501 1913 1551 ta

193 1603 312 1686 eciam,
345 1604 432 1690 quod
454 1604 626 1669 Sarraceni
656 1603 766 1668 dicunt
788 1603 828 1667 de
851 1602 1019 1689 euangelio
1041 1614 1073 1668 et
1094 1604 1276 1690 prophetis,
1304 1604 1389 1691 quod
1411 1607 1474 1669 sint
1496 1617 1649 1690 corrupta
1671 1614 1750 1691 aput
1772 1604 1863 1670 Chri-

193 1719 315 1784 stianos
339 1729 370 1783 et
390 1719 524 1801 Iudeos,
547 1731 595 1783 est
618 1743 773 1806 expresse
795 1730 907 1784 contra
929 1719 1034 1805 legem
1057 1741 1178 1783 eorum.
1223 1720 1303 1783 Nam
1327 1720 1549 1785 Machometus
1572 1719 1652 1783 dicit
1673 1720 1864 1785 Sarracenis
1881 1736 1912 1786 tt

191 1835 227 1899 in
248 1811 416 1900 alcorano:
449 1834 507 1917 „Si
529 1836 651 1899 oriatur
673 1835 781 1923 aliqua
803 1834 966 1900 dubitacio
988 1845 1068 1921 aput
1089 1858 1163 1917 vos,
1196 1838 1337 1921 queratis
1360 1836 1401 1900 ab
1424 1835 1504 1918 iliis,
1537 1838 1591 1921 qui
1615 1838 1706 1922 prius
1735 1860 1862 1923 recepe·

192 1960 267 2015 runt
288 1950 415 2033 librum,
436 1950 557 2015 scilicet
580 1950 773 2016 Christianis
794 1959 826 2014 et
846 1950 984 2014 Iudeis.“
1026 1951 1069 2015 Et
1091 1962 1206 2037 postea
1229 1950 1316 2034 dicit,
1339 1952 1425 2039 quod
1446 1953 1537 2017 Deus
1559 1953 1651 2016 dicit:
1673 1952 1761 2033 „Nos
1783 1955 1864 2016 veri·
1882 1964 1914 2014 ts

191 2075 291 2131 tatem
321 2068 582 2131 conseruauimus
613 2078 644 2130 ot
674 2065 936 2131 conseruabimus
960 2078 1038 2154 aput
1062 2069 1148 2130 ecs.“
1191 2067 1263 2131 Hoc
1286 2078 1387 2131 totum
1418 2068 1555 2131 indicari
1579 2067 1691 2131 dicunt
1712 2067 1864 2132 alcorano
1882 2085 1914 2134 29

194 2204 237 2248 ex
262 2205 318 2248 ore
338 2183 417 2265 Dei,
451 2206 528 2268 ergo
546 2183 766 2248 Machametus
793 2184 933 2246 mitteret
962 2204 1015 2246 eos
1045 2183 1088 2247 ad
1110 2194 1262 2268 corrupta
1285 2182 1512 2270 exemplaria?
1545 2184 1589 2248 Et
1617 2184 1739 2247 faciunt
1762 2186 1863 2248 eciam
1882 2200 1915 2249 311

193 2298 301 2365 Deum
323 2297 526 2379 mendacem,
557 2300 585 2362 si
611 2322 675 2363 non
697 2300 840 2362 seruauit
861 2299 1030 2362 veritatem
1054 2322 1144 2363 suam
1175 2300 1208 2361 in
1230 2298 1321 2362 libris
1346 2298 1604 2364 Christianorum
1625 2311 1656 2363 et
1680 2300 1863 2381 iudeorum,

195 2415 279 2481 sicut
299 2414 393 2479 dixit.

317 2530 388 2596 Hec
413 2530 473 2595 sub
506 2530 665 2595 breuitate
699 2542 730 2594 et
759 2533 852 2617 quasi
881 2544 988 2616 preter
1010 2533 1213 2616 propositum
1236 2530 1394 2611 dixinms,
1428 2541 1462 2593 vt
1489 2529 1637 2594 daremus
1661 2533 1863 2595 occasionem
1883 2553 1911 2602 31

194 2647 372 2715 maioribus
395 2646 559 2712 efficacius
582 2646 794 2733 impugnandi
813 2645 917 2731 legem
939 2655 1026 2709 tante
1047 2646 1132 2710 iidei.

442 2844 584 2909 XXXV.
628 2844 755 2925 QUOD
778 2844 869 2908 LEX
892 2843 1253 2909 SARRACENORUM
1274 2843 1359 2908 EST
1382 2843 1618 2907 VIQLENTA.

318 2995 418 3061 Sexto
441 3006 472 3060 et
493 2995 605 3059 vltimo
627 2993 791 3058 sciendrmr
814 3007 880 3076 est,
913 2993 999 3080 quod
1019 2993 1072 3057 lex
1097 2993 1350 3058 Sarracenorum
1374 3004 1423 3056 est
1443 2992 1583 3057 violenta
1613 3004 1644 3057 et
1666 3015 1724 3079 per
1745 2993 1892 3058 violent

196 3090 278 3181 ciam
305 3111 497 3176 introducta.
541 3110 635 3174 Vnde
658 3121 737 3196 aput
757 3112 846 3196 ipsos
869 3111 1081 3173 certissimum
1105 3120 1169 3190 est,
1199 3111 1285 3196 quod
1311 3109 1363 3174 lex
1391 3111 1463 3196 ipsa
1485 3106 1587 3172 solum
1610 3107 1742 3172 durabit
1763 3132 1862 3196 quan·
1882 3123 1897 3171 2

193 3242 262 3295 tum
283 3227 415 3293 durabit
436 3240 514 3313 aput
536 3249 589 3291 cos
612 3227 748 3290 victoria
771 3228 865 3291 ensis.
907 3226 991 3289 Nam
1013 3227 1076 3312 ipsi
1099 3228 1185 3290 omni
1208 3228 1289 3289 feria
1311 3238 1403 3288 sexta
1425 3225 1505 3289 hora
1525 3247 1611 3289 nona
1625 3237 1862 3311 congregantur
1880 3237 1895 3285 3

194 3345 238 3413 ad
258 3346 441 3411 oracionem
465 3354 495 3406 et
516 3343 757 3428 exposicionem
778 3340 868 3428 legis.
913 3342 977 3406 Sed
1002 3351 1173 3428 antequam
1194 3340 1380 3428 predicator
1410 3341 1560 3426 incipiat,
1590 3341 1732 3405 extrahit
1753 3354 1895 3406 ensemt

194 3472 227 3528 et
246 3462 338 3548 pouit
361 3461 567 3545 snaginatum
588 3460 621 3521 in
642 3457 713 3525 loco
734 3460 900 3540 eminenti,
922 3470 957 3521 vt
979 3457 1020 3520 ab
1044 3457 1191 3521 omnibus
1212 3457 1380 3538 videatur,
1403 3456 1436 3519 in
1458 3458 1594 3541 signum,
1618 3455 1703 3542 quod
1727 3480 1784 3543 per
1809 3482 1860 3522 en-

196 3600 261 3643 sem
291 3578 412 3662 incepit
440 3574 493 3638 lex
518 3574 574 3637 illa
602 3584 633 3637 et
662 3595 721 3658 per
743 3595 851 3637 ensem
872 3572 1105 3638 terminabitur.
1149 3573 1234 3638 Sane
1256 3576 1319 3658 ipsi
1340 3572 1423 3637 falso
1445 3595 1502 3636 suo
1526 3573 1684 3657 prophete
1708 3586 1895 3659 arrogant5

194 3691 295 3759 multa
315 3690 487 3770 miracula,
517 3688 639 3753 scilicet
657 3688 744 3773 quod
765 3691 836 3775 ipse
856 3690 953 3773 fregit
973 3688 1082 3752 lunam
1104 3699 1135 3752 et
1157 3690 1384 3774 reintegrauit,
1418 3699 1449 3753 et
1473 3686 1559 3774 quod
1580 3686 1655 3750 luna
1678 3688 1812 3751 intrauit
1834 3690 1863 3753 ci

177 3831 254 3896 ⁴per
274 3809 453 3886 manicam,
487 3815 516 3869 et
540 3805 626 3891 quod
647 3803 769 3868 camela
792 3806 821 3868 ci
843 3803 950 3869 locuta
972 3815 1035 3885 est,
1070 3817 1099 3868 et
1128 3803 1214 3891 quod
1239 3808 1309 3891 ipse
1337 3803 1484 3869 ascendit
1506 3825 1603 3888 super
1625 3802 1787 3888 quandam
1809 3803 1863 3868 be-

193 3925 288 3990 stiam
310 3924 465 3987 minorem
489 3920 574 3984 mulo
597 3931 629 3983 et
651 3922 807 3984 maiorem
829 3921 934 3994 asino,
964 3931 994 3983 et
1022 3941 1136 3983 nomen
1164 3919 1266 3984 bestie
1288 3921 1510 3999 elberact²¹⁰),
1543 3930 1573 3982 et
1599 3920 1659 3982 iuit
1684 3942 1781 4004 super
1810 3919 1861 3984 bc-

194 4041 290 4105 stiam
322 4037 409 4102 illam
439 4059 540 4123 vsque
571 4034 613 4100 ad
644 4034 790 4099 vltinmm
820 4034 924 4098 celum
954 4036 985 4098 in
1015 4035 1130 4099 minori
1154 4037 1263 4120 spacio
1292 4058 1388 4121 quam
1417 4037 1451 4098 in
1473 4036 1540 4098 ictu
1562 4034 1655 4098 oculi.
1698 4033 1741 4098 Et
1762 4035 1808 4099 ibi
1830 4038 1896 4099 int

193 4153 261 4220 celo
283 4154 469 4240 impetrauit
489 4153 633 4236 graciam
658 4151 787 4215 cuidam
808 4151 941 4237 angelo,
974 4153 1030 4238 qui
1055 4150 1154 4215 flebat
1176 4160 1310 4237 peccata
1334 4172 1403 4213 sua.
1447 4150 1512 4230 Qui
1534 4149 1667 4235 angelus
1690 4161 1738 4214 est
1761 4153 1895 4215 maiori

192 4292 289 4359 quam
315 4278 417 4334 totum
445 4270 631 4331 vniucrsum
658 4278 785 4330 centum
813 4266 954 4347 vicibus,
988 4278 1018 4330 et
1048 4267 1148 4330 muita
1176 4266 1268 4348 talia,
1300 4290 1362 4353 que
1395 4269 1502 4331 omnia
1528 4277 1601 4330 sunt
1623 4282 1734 4330 contra
1757 4269 1862 4353 ipsum

194 4385 381 4452 alcoranum
404 4405 532 4463 eorum,
556 4384 611 4468 qui
634 4382 727 4463 dicit,
750 4382 835 4468 quod
857 4383 949 4447 Deus
973 4383 1056 4446 dixit
1076 4382 1295 4448 Machometo:
1324 4382 1422 4464 „idco
1445 4407 1510 4446 uon
1532 4383 1681 4468 perurittc
1704 4394 1735 4445 te
1756 4384 1863 4446 t'acerc

194 4500 400 4581 miraculum,
421 4501 497 4585 quia
519 4500 593 4570 scio,
617 4498 704 4584 quod
726 4498 785 4561 tibi
807 4523 871 4563 non
894 4499 1081 4580 crederent3
1113 4499 1169 4562 sed
1190 4498 1274 4563 dabo
1296 4497 1356 4562 tibi
1380 4520 1506 4578 ensem,
1535 4508 1569 4559 vt
1592 4520 1650 4582 per
1670 4497 1861 4562 violenciam

193 4640 248 4685 sos
278 4638 377 4701 cogas
406 4614 568 4678 credere.“
612 4614 677 4678 Sed
699 4614 860 4700 quomodo
884 4617 913 4679 ei
935 4638 998 4678 non
1022 4614 1206 4697 crederent,
1236 4616 1263 4676 si
1291 4614 1412 4677 faceret
1436 4610 1640 4686 miraculum,
1669 4616 1722 4698 qui
1744 4615 1772 4676 ci
1794 4616 1895 4681 sinos

193 4733 299 4822 aliquo
322 4729 478 4796 miraculo
500 4728 728 4794 crediderunt?
758 4740 788 4793 et
817 4730 919 4815 legem
946 4741 1033 4793 tantc
1062 4730 1197 4816 perfidie
1219 4730 1432 4815 receperunt?
1464 4731 1537 4814 ipse
1557 4731 1657 4791 eciam
1680 4727 1860 4793 Machomc-
1880 4749 1895 4797 11

192 4865 243 4914 tus
265 4850 299 4912 in
321 4847 472 4912 alcorano
497 4844 660 4932 prohibet,
693 4870 732 4909 nc
764 4846 804 4909 de
832 4868 869 4908 cc
901 4844 1051 4909 credatur
1079 4848 1140 4909 nisi
1164 4844 1251 4930 quod
1271 4847 1304 4907 in
1327 4844 1478 4909 alcorano
1502 4849 1741 4929 scriptumest,
1776 4857 1806 4908 et
1828 4845 1861 4909 in

192 4964 343 5030 alcorano
366 4962 420 5026 iila
443 4962 598 5025 miracula
621 4985 683 5025 non
707 4974 781 5026 sunt
804 4963 935 5047 scripta.
979 4961 1098 5026 Scribit
1121 4974 1227 5025 tamen
1252 4960 1315 5025 duo
1339 4964 1431 5046 signa
1455 4961 1504 5024 rel
1527 4969 1809 5046 argmentaque
1832 4973 1862 5025 et
1884 4976 1912 5023 10

190 5082 255 5168 ipsi
278 5080 451 5146 Sarraceni
474 5087 625 5163 reputant
648 5079 919 5142 sufficientissima
942 5077 984 5140 ad
1005 5077 1223 5163 probandum,
1257 5075 1343 5163 quod
1372 5075 1540 5139 alcoranus
1567 5078 1608 5137 sit
1640 5096 1722 5158 opus
1746 5075 1808 5139 Dei
1831 5091 1862 5140 et

254 5281 457 5354 tamniensis
480 5278 516 5339 G.
1048 5287 1256 5346 memoratum,
1285 5296 1342 5354 quo
1363 5272 1585 5333 Muhammedes
1613 5295 1649 5334 ex
1671 5276 1780 5355 templo
1803 5277 1862 5336 hie·

1048 5378 1257 5455 rosolymitano
1279 5375 1309 5431 in
1332 5373 1447 5431 coslum
1468 5383 1587 5432 evectus
1607 5373 1747 5450 fingatur,
1770 5376 1862 5455 quod-

1049 5497 1105 5557 que
1131 5475 1215 5534 moiis
1235 5484 1323 5552 atque
1352 5472 1463 5530 formae
1492 5472 1583 5531 fuisse
1604 5474 1678 5531 inter
1699 5476 1813 5533 asinum
1834 5484 1863 5534 et

1048 5576 1157 5635 mulum
1181 5576 1353 5651 interpretes
1375 5569 1495 5628 addunt.

255 5419 326 5487 210)
349 5413 403 5471 Est
422 5412 503 5472 arab.
518 5392 640 5542 Stil!
661 5410 791 5469 alhurab,
828 5408 1005 5470 Mordtmau·

191 5565 248 5605 uua
276 5545 403 5604 conten-i
432 5544 511 5604 iubet
533 5545 674 5621 Freitagii
702 5543 816 5601 lexicon
849 5564 870 5603 ε.
898 5566 923 5604 v.
955 5544 1006 5602 do·

192 5663 278 5718 aens,
319 5665 383 5702 esse
420 5643 528 5701 animal
564 5663 615 5702 seu
646 5645 803 5701 iumentum
832 5644 860 5699 in
890 5640 1006 5701 Corano

1600 5752 1644 5802 18*
