4224 6082
865 702 1083 765 ..15-

194 871 376 960 monachus
405 912 485 957 nero
510 892 583 957 Deo
612 890 796 976 opitulante
818 911 915 956 suum
943 897 1082 956 securus
1113 888 1269 955 tendebat
1296 889 1368 955 iter.
1413 890 1507 957 Tunc
1530 889 1758 972 considerans,
1793 894 1842 954 15.
1950 916 1953 927 ’

196 1042 292 1110 qoam
324 1019 469 1101 tenebar,
498 1039 639 1106 yconnm
670 1019 782 1085 diuine
811 1018 935 1105 aliquid
965 1019 1095 1085 uirtutis
1110 1016 1159 1098 ¹⁶⁶,
1189 1036 1302 1082 secum
1330 1014 1539 1098 deliberauit,
1569 1028 1605 1082 ut
1635 1019 1758 1082 sancti·

193 1146 336 1212 moniali·
357 1162 424 1210 uon
449 1144 583 1211 alienet
611 1164 775 1231 ysenam,
811 1146 873 1210 sed
908 1145 953 1210 ad
984 1165 1079 1210 suam
1107 1144 1245 1228 patriam
1276 1162 1390 1208 secum
1420 1144 1616 1228 deportaret.
1662 1141 1758 1210 'lunc
1793 1144 1842 1205 lti.

194 1273 334 1338 ueniens
349 1272 395 1336 *sd
414 1274 529 1336 Accon
548 1271 724 1344 ciuitatem
736 1271 846 1336 nanim
866 1271 1012 1351 intrauit,
1034 1269 1219 1335 uolensad
1243 1268 1382 1352 patriam
1406 1289 1559 1334 remeare.
1595 1268 1756 1334 Parentes
1792 1273 1845 1336 17.-

193 1418 273 1464 nero
297 1397 372 1464 uela
401 1406 559 1481 ceperunt
587 1408 688 1462 naute
702 1397 873 1480 'nauigare
897 1392 1228 1479 Constantinopolim.
1276 1393 1425 1481 Cumque
1449 1416 1509 1479 per
1532 1393 1660 1478 aliquot
1682 1395 1759 1461 dies
1793 1398 1841 1460 18.

193 1544 281 1589 mare
310 1523 455 1588 luissent
484 1523 648 1608 ingressi,
682 1531 751 1586 orta
787 1521 895 1586 subita
920 1530 1127 1605 tempestate
1155 1518 1267 1585 ualida
1296 1520 1339 1585 in
1359 1521 1450 1585 mari·
1470 1530 1629 1604 ceperunt
1657 1531 1759 1589 uautu
1842 1577 1848 1586 .
1930 1550 1933 1560 ·

192 1648 377 1733 periclitari·
394 1659 428 1713 et
450 1667 510 1713 sua
535 1668 664 1733 queque
687 1646 811 1732 singuli
835 1647 868 1711 in
893 1666 983 1711 mare
1005 1647 1165 1731 proicere.
1206 1646 1357 1734 Cumque
1375 1647 1548 1732 'predictus
1571 1646 1760 1713 muuccbus
1792 1647 1841 1710 19.
1959 1677 1961 1686 ·

195 1796 290 1840 suum
314 1776 422 1839 eicere
445 1780 580 1838 saccum
603 1772 717 1853 uellet,
741 1775 775 1837 in
798 1792 866 1860 quo
890 1782 965 1838 erat·
979 1773 1205 1858 ycous‚.dixit
1229 1774 1271 1837 ad
1295 1791 1369 1837 eum
1392 1771 1550 1857 angelus:
1575 1771 1695 1847 „Uicta
1717 1794 1757 1834 ne
1819 1796 1845 1805 ··

190 1904 332 1983 proicias
366 1919 514 1984 ycosum,
548 1900 607 1960 sed
640 1900 711 1961 leuc
747 1919 818 1960 eum
851 1903 883 1961 1ο
916 1899 1057 1962 munibus
1084 1901 1137 1961 'sd
1166 1897 1300 1960 Dermr.“
1352 1897 1431 1964 blox
1459 1899 1571 1982 itaque
1600 1907 1757 1963 cessante
1789 1899 1841 1964 20.

195 2036 390 2110 tempestate
411 2026 446 2089 in
469 2025 552 2090 mari
578 2023 614 2089 fit
636 2022 866 2111 tranquillitas.
913 2025 1125 2110 Ignorantes,
1155 2045 1222 2109 quo
1242 2037 1433 2109 pergerent,
1464 2023 1617 2090 uolentes
1640 2021 1754 2088 uoleu-
1788 2023 1842 2086 21.

195 2167 314 2238 tesque
336 2160 423 2217 retro
447 2153 615 2217 redieruut
635 2153 680 2216 sd
700 2152 816 2216 Accon
841 2152 1020 2231 ciuitatem,
1043 2151 1133 2216 uude
1154 2151 1398 2234 nauigauerant.
1433 2149 1538 2217 ΔΤοιιο
1560 2148 1760 2231 monachus,·
1788 2149 1841 2211 22.

195 2300 262 2365 que
283 2281 370 2344 circa
400 2300 438 2343 se
466 2289 564 2364 gesta
593 2278 737 2361 luerunt,
768 2279 888 2343 uidens
916 2290 950 2345 st
972 2277 1036 2342 Dei
1066 2276 1271 2342 uoluntatem
1301 2276 1490 2363 intelligens
1518 2279 1657 2364 suisque
1680 2297 1755 2360 pro·
1832 2299 1834 2305 ·

195 2407 311 2471 missis
339 2404 461 2471 uolens
489 2404 711 2485 satisfacere·
737 2405 829 2468 uenit
858 2405 911 2467 ad*
929 2401 1232 2484 sanctimonialem,
1267 2418 1380 2468 secum
1414 2403 1568 2469 deserens
1602 2423 1754 2489 yconam.

197 2531 274 2616 Que
296 2528 468 2596 deuotam
491 2532 645 2616 suscepit
667 2551 753 2612 euru,
776 2540 893 2613 utpote
913 2528 1117 2615 religiosum.
1153 2529 1291 2614 Ignotus
1315 2540 1424 2596 tamen
1446 2532 1477 2595 ci
1501 2528 1605 2597 lucrat
1623 2539 1755 2614 propter
1788 2531 1840 2594 23.
1876 2606 1878 2615 Α
1922 2578 1929 2593 .

196 2655 413 2743 frequentiam
435 2655 615 2740 hospitum,
640 2656 717 2743 quia
740 2656 942 2740 promissam
960 2676 1103 2741 yconam
1125 2675 1192 2720 non
1217 2655 1402 2740 requirebat
1422 2656 1463 2721 ab
1487 2676 1539 2721 eo.
1575 2656 1656 2722 Cum
1675 2674 1755 2738 ergo
1787 2659 1840 2721 2⁵.

195 2780 379 2847 monachus
402 2803 421 2847 a
445 2803 484 2846 se
501 2783 621 2866 requiri
638 2803 705 2848 nou
723 2782 850 2847 uideret
867 2800 1019 2867 pennam,
1043 2780 1285 2877 sanctimoniali
1305 2801 1372 2846 non
1391 2782 1536 2861 reddere,
1561 2782 1623 2846 sed
1640 2801 1756 2845 secum

197 2909 280 2972 intra
303 2927 342 2972 se
366 2906 494 2973 deferre
517 2909 678 2994 cogitauit
690 2905 737 2969 ¹⁶⁸.
782 2906 1039 2974 11ο1οἰοοῑο169
1061 2909 1245 2974 adiuuieem
1273 2907 1404 2972 intrauit
1434 2908 1466 2971 in
1497 2907 1687 2988 oratorium,
1717 2915 1755 2970 ut
1786 2909 1839 2971 iti.

196 3043 303 3099 oraret
325 3044 359 3097 et
381 3045 500 3118 postea
532 3034 574 3098 ad
604 3054 667 3100 sua
694 3045 861 3101 remearet.
908 3035 1010 3100 Facta
1040 3035 1188 3099 oratioue
1216 3050 1289 3098 cum
1319 3033 1431 3118 egredi
1460 3031 1579 3112 uellet,
1608 3053 1673 3096 uon
1705 3033 1754 3095 in·
1787 3035 1840 3095 tu.

195 3159 366 3240 ueniebat,
399 3179 465 3246 qna
485 3159 530 3223 ab
554 3161 697 3226 oratorio
721 3161 810 3226 exire
832 3160 1009 3244 potuisset.
1054 3158 1188 3223 Pouens
1212 3178 1291 3244 ergo
1315 3178 1473 3244 yconam,
1497 3178 1593 3244 quam
1617 3156 1753 3236 serebat,
1787 3160 1839 3222 28.

197 3295 230 3348 et
253 3284 398 3349 hostium
412 3283 450 3322 ¹⁷⁰
471 3285 591 3350 uidens
615 3287 747 3351 oratorii
770 3294 936 3370 apertum,
966 3286 1082 3350 iterum
1106 3286 1198 3350 exire
1220 3283 1363 3350 uolebat.
1410 3282 1452 3349 Et
1481 3286 1558 3348 item
1582 3293 1755 3368 assumpta
1786 3286 1840 3348 29.

195 3427 302 3493 ycoua
327 3429 390 3475 nac
412 3408 576 3492 bostium,
605 3431 669 3475 nec
699 3432 765 3498 quo
795 3412 1019 3496 regrederetur
1040 3410 1191 3492 uidebat;
1221 3420 1255 3476 et
1282 3411 1330 3476 ita
1352 3432 1410 3495 per
1432 3422 1535 3476 totam
1557 3411 1655 3492 diem,
1680 3429 1757 3474 curu

194 3553 335 3618 ysenam
360 3535 556 3619 deponeret,
586 3537 687 3618 uidit,
717 3549 846 3621 sumpta
876 3557 955 3602 uero
985 3557 1092 3624 ycona
1123 3558 1197 3602 cum
1224 3536 1338 3619 egredi
1366 3533 1485 3616 uellet,
1515 3557 1582 3601 uon
1610 3531 1753 3599 ualebat.

195 3658 381 3723 Monachus
399 3680 490 3741 uero,
514 3639 680 3727 iusticiam
698 3664 810 3728 dinine
826 3661 1008 3728 uoluntatis
1026 3661 1229 3746 intelligens,
1246 3680 1386 3745 yconam
1401 3680 1531 3746 ponens
1548 3661 1581 3725 in
1600 3659 1752 3733 oratorio,
1786 3664 1840 3728 30.

197 3785 239 3848 ad
262 3785 545 3851 sanctimonialem
570 3789 751 3870 reuertitur,
775 3799 809 3853 et
832 3790 864 3853 ei
887 3789 1006 3869 omnia,
1037 3809 1102 3872 que
1125 3786 1211 3850 iacta
1236 3785 1364 3850 fuerant
1387 3786 1606 3870 dispositione
1630 3785 1753 3866 diuisa,

194 3909 227 3973 in
252 3912 298 3975 rei
324 3913 460 3977 ueritate
483 3932 542 3996 per
566 3915 712 3980 ordinem
735 3914 887 3978 narrauit.
926 3913 1018 3978 Dixit
1041 3935 1120 3998 ergo
1145 3913 1262 3992 eciam,
1287 3913 1364 3999 quia
1379 3910 1415 3948 ¹⁷¹
1439 3912 1549 3976 diuine
1574 3910 1753 3976 uoluntatis
1786 3916 1839 3977 31.

196 4034 314 4117 iuerat,
339 4049 374 4102 ut
397 4038 441 4102 ibi
466 4059 573 4127 ycona
598 4050 777 4104 remaneret
801 4051 834 4104 et
856 4061 875 4104 a
900 4038 1052 4105 fidelibus
1077 4049 1286 4104 ueneraretur
1309 4037 1421 4102 debito
1444 4036 1577 4102 bonore.
1614 4037 1754 4122 Accepit
1786 4039 1838 4099 32.

305 4305 370 4374 166)
389 4308 509 4377 uirtutis]
529 4312 626 4378 supple
641 4309 742 4376 labere,
767 4308 838 4378 quod
858 4310 975 4364 tortasse
993 4311 1098 4364 librarii
1122 4311 1201 4377 culpa
1219 4309 1328 4364 excidit.
1369 4309 1460 4365 Virtus
1477 4318 1566 4364 auteur
1590 4309 1672 4364 medii
1696 4312 1756 4364 saut

195 4417 374 4484 scriptoribus
392 4432 475 4485 saepe
493 4426 537 4471 est
550 4419 666 4473 facultas
680 4421 811 4473 miracula
824 4418 930 4473 edendi.
944 4448 980 4460 -
996 4418 1061 4487 167)
1078 4420 1182 4486 deuote]
1201 4420 1342 4476 submisse.
1358 4447 1394 4459 -
1410 4417 1475 4487 lus)
1492 4419 1567 4472 istra
1580 4436 1606 4471 rr
1618 4418 1754 4486 sopitarum]

195 4522 265 4590 apud
284 4524 399 4577 animum
423 4539 501 4578 suurn
526 4529 675 4580 constituit.
713 4527 845 4581 Similiter
863 4527 969 4581 Plinius
988 4528 1023 4580 Η.
1041 4527 1076 4580 N.
1095 4526 1122 4580 X
1144 4533 1213 4580 sect.
1232 4523 1267 4580 tt
1286 4527 1325 4593 (c.
1344 4526 1393 4602 42)
1413 4528 1529 4581 formula
1553 4529 1645 4593 „iutra
1669 4533 1756 4578 ssuret

194 4631 342 4684 meditarit‘
362 4633 455 4696 utitur,
474 4638 501 4685 et
520 4634 639 4687 Velleius
648 4634 676 4687 11
697 4633 745 4687 lll
766 4635 783 4688 1
801 4631 897 4688 babetr
917 4635 992 4687 intra
1007 4651 1033 4687 se
1042 4634 1141 4702 sursus
1157 4632 1300 4687 iestis-
1320 4631 1386 4701 tau)
1401 4632 1466 4686 Uale
1475 4633 1564 4701 suste]
1584 4633 1664 4685 Verbi
1683 4633 1757 4686 sale·

134 4776 138 4785 .
195 4737 311 4792 faciendi
331 4740 455 4806 exempla
472 4741 549 4806 plura
567 4742 644 4794 stlsrt
663 4743 827 4811 ducangius.
845 4768 880 4783 -
901 4740 967 4810 tlt)
982 4740 1105 4808 bostium]
1126 4742 1235 4795 ostium.
1252 4767 1288 4780 -
1310 4738 1374 4809 171)
1393 4741 1489 4805 scissi,
1505 4739 1579 4810 quio]
1599 4738 1694 4791 Etiam
1712 4747 1758 4793 est

195 4847 353 4899 coniectura
362 4847 478 4901 Batonis
489 4845 523 4899 ds
532 4848 741 4904 Sciat-Grauius
752 4852 877 4905 liburnus.
888 4848 971 4904 babet
984 4859 1018 4905 rt.
1034 4848 1106 4910 Quis
1116 4849 1259 4918 patienia,
1274 4856 1335 4904 erte
1343 4865 1377 4905 ex
1388 4851 1491 4903 Graeca
1506 4827 1567 4913 llus,
1580 4849 1655 4901 cuius
1666 4848 1757 4900 locum

194 4957 221 5008 is
232 4952 349 5021 Vulgata
367 4960 459 5008 tauers
477 4957 590 5022 mactet,
608 4958 698 5012 serbis
718 4957 873 5013 daclsraudl
892 4955 1116 5025 praecedentibus
1130 4974 1180 5027 pro
1193 4959 1358 5015 Aesontius
1374 4974 1435 5012 curu
1451 4957 1585 5011 lubnitlro
1603 4961 1755 5021 usurpatur.

196 5063 243 5116 Cir
261 5065 407 5117 Deuteron.
427 5063 476 5116 Vll
494 5061 521 5116 ll.
