4214 6096
1035 669 1255 730 ..52-

284 862 333 924 19.
366 856 473 941 capud
487 853 524 894 ⁵⁶¹
547 854 725 934 habentes,
758 856 902 942 quinque
931 855 1034 922 libros
1057 855 1168 943 Moysi
1191 858 1415 924 tantummodo
1444 871 1587 924 seruant.
1632 861 1702 928 llec
1719 875 1819 928 *secta
1844 864 1917 930 cunr

286 965 287 970 ἵ
366 976 546 1048 cultoribus
570 980 642 1045 suis
665 982 729 1045 iarn
753 978 886 1046 defecit.

190 1109 242 1172 2⁰.
279 1110 331 1171 21.
379 1156 381 1161 .
497 1105 564 1172 Alii
588 1106 696 1171 Essei.
744 1106 833 1172 lstos
857 1105 1000 1191 populos
1026 1105 1281 1173 Assessinos⁵⁵²
1304 1120 1433 1175 vocant.
1481 1110 1541 1176 lsti
1568 1112 1613 1178 de
1633 1112 1751 1178 Judeis
1782 1115 1920 1181 descen·

190 1232 241 1296 22.
278 1233 331 1296 23.
364 1234 490 1313 dmunt,
514 1232 769 1298 sedJudeurum
787 1253 852 1297 non
873 1231 1138 1315 seruautlegcm.
1180 1232 1363 1298 Comeduut
1380 1254 1510 1300 carnem
1529 1237 1707 1320 porcinam.
1743 1213 1917 1306 Dominum

278 1358 332 1421 nt.
364 1379 460 1423 suum
484 1357 590 1423 Deum
614 1357 736 1438 colunt,
761 1371 794 1423 et
817 1378 925 1444 usque
949 1359 991 1426 ad
1014 1369 1149 1424 mortem
1174 1359 1205 1422 ei
1229 1359 1394 1425 obediunt.
1441 1360 1507 1426 lste
1532 1360 1674 1446 cultellis
1701 1365 1772 1430 suis
1795 1366 1918 1430 occidit

278 1486 331 1548 25.
364 1481 493 1547 nobiles
518 1503 603 1570 quos
626 1481 708 1563 nult,
732 1483 809 1548 iude
831 1504 899 1548 non
924 1504 1042 1550 curans
1067 1485 1184 1550 occidi.
1224 1484 1346 1551 Modus
1370 1497 1479 1552 autem
1503 1485 1742 1554 interfectionis
1766 1490 1918 1554 omnibus

279 1614 332 1677 26.
365 1608 447 1674 satis
470 1621 571 1693 putet.
606 1608 693 1673 lstos
711 1629 769 1693 pro
788 1630 905 1693 magua
922 1621 1014 1694 perte
1038 1608 1231 1675 deleuerunt
1254 1609 1424 1695 templarii,
1447 1624 1481 1676 et
1504 1624 1619 1678 terrem
1643 1632 1754 1678 eorum
1775 1612 1917 1698 amplius

279 1737 331 1799 27.
365 1756 460 1821 quam
496 1735 538 1800 ad
561 1734 593 1799 X
623 1736 730 1814 dietas
765 1736 1029 1801 deuastauerunt.
1079 1736 1234 1802 Litteram
1267 1735 1390 1802 habent
1423 1718 1612 1804 Caldaicanr
1648 1750 1683 1804 et
1711 1739 1917 1805 Hebraicam.

278 1861 330 1923 28.
364 1859 431 1925 Alii
455 1870 532 1926 suut
549 1860 746 1940 Boidewini‚
770 1858 935 1926 deformes
959 1870 992 1926 et
1007 1861 1186 1926 miserrime
1208 1861 1326 1942 induti,
1350 1863 1411 1928 sed
1429 1860 1609 1929 militariter
1631 1865 1740 1929 sciunt
1758 1866 1916 1949 equitare,

363 1986 478 2069 optimi
506 1986 689 2070 predones,
720 1997 753 2049 et
780 1998 940 2051 uocantur
968 1983 1141 2083 siluestres
1164 1985 1299 2067 Thurci;
1330 1986 1453 2052 nullam
1475 1986 1598 2055 habent
1629 1999 1761 2071 terram3
1789 2010 1919 2074 semper

322 2122 326 2127 ’
363 2110 425 2175 suh
450 2112 527 2176 diuo
551 2123 698 2192 manent3
728 2132 793 2176 non
825 2112 949 2176 hahent
976 2113 1111 2194 domos,
1141 2113 1218 2194 sed,
1246 2112 1276 2178 si
1305 2111 1418 2198 pluuia
1449 2125 1518 2193 est,
1547 2113 1580 2177 in
1611 2115 1916 2188 tentoriiscuhant.

189 2233 241 2296 29.
277 2233 329 2297 3⁰.
364 2235 506 2302 Plurima
528 2235 651 2301 hubent
672 2257 802 2322 pecora.
850 2236 908 2302 lsti
933 2238 975 2302 de
997 2248 1080 2303 terre
1102 2237 1144 2301 ad
1168 2247 1282 2301 terram
1305 2258 1379 2302 curn
1402 2237 1579 2322 pecoribus
1601 2240 1672 2305 suis
1696 2238 1823 2306 alendis
1845 2260 1918 2325 per-

277 2362 329 2424 31.
363 2373 454 2448 gunt,
485 2374 517 2429 et
542 2361 749 2428 Christianos
773 2362 962 2428 sarracenis
986 2375 1020 2428 et
1042 2363 1243 2429 Sarracenos
1267 2361 1462 2428 Christianis
1484 2365 1641 2433 uendunt.
1687 2363 1792 2428 Pillen
1817 2365 1917 2430 rubea

363 2489 396 2553 in
421 2489 584 2575 capitibus
607 2489 648 2553 ud
671 2488 909 2574 longitudinem
932 2489 1032 2555 cubiti
1054 2487 1164 2554 ferunt
1186 2500 1220 2554 et
1240 2489 1373 2573 peplum
1398 2490 1485 2555 circa
1506 2488 1641 2574 pilleum
1667 2489 1856 2568 circinatum
1870 2487 1916 2554 ⁵⁶³.

277 2619 329 2683 32.
364 2613 479 2681 Talem
502 2615 602 2680 uitam
626 2615 748 2680 ducunt
771 2613 900 2699 qualem
923 2614 1044 2679 rottarii
1059 2611 1097 2651 ⁵⁶⁴
1119 2615 1151 2679 in
1177 2612 1285 2680 Gallia
1309 2612 1423 2678 solent·
1440 2597 1603 2679 exercere}

302 2749 329 2810 l.
496 2738 670 2810 xxlx.
716 2740 868 2807 Preteree
896 2740 1029 2826 arbores
1052 2742 1116 2806 iste
1147 2751 1223 2805 sunt
1253 2741 1285 2810 in
1309 2752 1391 2806 terra
1413 2738 1640 2820 Jerosolimis‚
1672 2759 1737 2826 que
1766 2741 1917 2806 dicuntur

363 2868 519 2952 paradysi
534 2864 582 2946 ⁵⁶⁵,
607 2877 778 2950 portantes
802 2865 885 2931 lolia
907 2866 1005 2931 unius
1027 2864 1105 2930 ulne
1128 2864 1228 2949 longa
1250 2877 1283 2929 et
1299 2865 1398 2929 medii
1417 2863 1517 2930 cubiti
1537 2862 1614 2944 late,
1637 2865 1799 2930 hahentes
1817 2887 1916 2950 poma

364 2991 465 3079 longa
494 2994 535 3057 ad
566 3012 752 3057 mensurum
782 2992 875 3078 digiti
906 3002 939 3055 et
967 2991 999 3055 lu
1029 3011 1095 3055 uno
1125 3010 1213 3054 ramo
1248 2989 1415 3073 octoginta
1449 2988 1505 3055 uel
1539 2988 1681 3073 amplius
1716 2990 1915 3058 coherentia.

300 3127 330 3189 2.
364 3117 522 3183 Mellenm
545 3115 667 3182 hahent
691 3137 854 3201 saporem,
879 3126 913 3181 et
935 3114 1046 3180 ualent
1069 3125 1200 3199 sumpta
1223 3114 1415 3199 precordiis.

299 3251 331 3316 3.
498 3243 583 3307 Sunt
601 3242 646 3306 ihi
666 3239 851 3308 limones⁵⁶⁶
867 3241 1011 3324 arbores,
1036 3261 1171 3328 quarum
1194 3239 1322 3307 fructus
1345 3260 1421 3305 acer
1444 3251 1496 3305 est
1519 3250 1553 3306 et
1571 3238 1660 3305 ualet
1677 3241 1718 3304 ad
1736 3239 1917 3307 salsam⁵⁶².

301 3377 331 3438 t.
499 3367 651 3457 Suntihi
676 3367 810 3433 arbores
834 3366 978 3432 ferentes
1001 3387 1116 3451 poma,
1145 3385 1210 3450 que
1232 3365 1384 3431 dicuutur
1406 3384 1504 3449 poma
1528 3365 1645 3430 Adami
1659 3363 1708 3446 ⁵⁶⁸,
1740 3367 1918 3452 inquibus

364 3513 495 3559 morsus
519 3493 592 3558 Ade
616 3492 866 3557 euidentissime
889 3492 1028 3557 uidetur.

302 3633 332 3692 5,
499 3617 558 3681 Est
571 3616 615 3681 ihi
629 3615 711 3682 licus
725 3615 908 3682 Pharaonis
921 3614 970 3697 ω’,
989 3635 1055 3703 que
1069 3614 1131 3681 sert
1142 3612 1283 3680 fructum
1295 3635 1359 3679 uon
1373 3614 1454 3679 inter
1472 3613 1565 3695 folin,
1585 3617 1689 3681 sedin
1703 3617 1779 3700 ipso
1791 3627 1915 3682 trunco.

300 3755 331 3816 o,
499 3742 584 3808 Suut
606 3742 653 3807 ihi
675 3742 796 3826 palme,
820 3762 883 3827 que
906 3741 1014 3809 lerunt
1037 3739 1177 3807 dactilos
1190 3738 1236 3803 ⁵⁷⁰.

471 4054 537 4120 561)
561 4056 660 4128 capud]
690 4063 777 4122 caput.
807 4083 839 4094 -
868 4053 935 4123 562)
960 4053 1115 4120 Aruseium]
1141 4053 1315 4117 hraaaeluoa,
1344 4051 1414 4104 unde
1444 4051 1581 4104 Gallorum
1610 4051 1766 4105 vocabulum
1794 4016 1916 4114 aarum
1977 4072 1982 4079 ·

364 4167 486 4217 alcarius.
506 4193 541 4202 -
559 4161 625 4231 563)
643 4160 937 4234 peplum-circinatum]
957 4161 1109 4214 turbarum.
1127 4188 1162 4199 -
1181 4159 1246 4229 bdl)
1262 4159 1386 4226 rotturia']
1405 4159 1479 4226 Ergo
1493 4155 1665 4211 'l'hictmarua
1683 4161 1709 4213 in
1726 4159 1812 4212 Gallia
1830 4161 1917 4212 fuiaaa

362 4272 475 4328 ridetur.
501 4302 536 4313 -
561 4269 627 4338 565)
651 4269 900 4342 arbom-paradyn]
920 4271 997 4326 Quae
1022 4240 1241 4337 sequunturpro
1267 4286 1315 4332 aa,
1342 4284 1399 4335 qna„
1423 4273 1480 4332 eat,
1508 4267 1667 4320 liberalitate
1694 4263 1762 4320 mihi*
1788 4267 1916 4334 explicuit

364 4380 477 4433 Carolus
496 4379 622 4432 Morbiua
641 4377 671 4430 V.
691 4380 722 4430 D.
760 4379 813 4433 eut
834 4358 957 4432 arborem
976 4375 1100 4444 paradysi
1120 4374 1212 4429 docuit
1236 4392 1297 4429 erae
1316 4375 1430 4450 ldrraarn¹
1444 4372 1640 4441 paradisiacam
1658 4374 1706 4441 1...
1731 4376 1817 4428 citaur
1836 4390 1916 4441 ency-

362 4487 528 4554 clopaediam
548 4501 670 4553 maguam
685 4486 931 4552 Francogallicama
957 4484 1106 4549 Batauique
1125 4484 1137 4535 1
1156 4500 1181 4550 p.
1201 4481 1262 4535 365.
1280 4510 1314 4520 -
1334 4479 1399 4548 566)
1420 4480 1542 4552 limones]
1563 4481 1666 4533 Dicitur
1679 4482 1767 4533 Citrus
1787 4483 1915 4534 limorum

361 4595 463 4658 Riaao,
490 4595 606 4646 varietur
626 4592 693 4645 Citrl
720 4592 839 4646 medicae
858 4592 889 4644 L.
908 4592 954 4658 (C.
978 4591 1128 4657 Morbium)
1149 4618 1185 4629 -
1208 4587 1274 4657 567)
1299 4586 1377 4655 salso]
1403 4587 1454 4639 Eat
1479 4590 1639 4653 nectarium,
1667 4588 1736 4655 qnod
1763 4605 1813 4641 nos
1838 4585 1916 4641 Salat

361 4699 484 4753 dicimur.
521 4700 561 4753 lta
587 4701 778 4767 iuterpretatur
795 4700 930 4753 Toblerur
946 4699 983 4750 iu
1008 4697 1125 4765 epistola
1149 4695 1183 4751 ad
1209 4712 1251 4750 rue
1279 4693 1350 4748 data.
1369 4723 1404 4734 -
1423 4693 1490 4762 566)
1507 4712 1584 4766 poma
1602 4696 1712 4764 Adamt]
1731 4695 1782 4748 Eat
1800 4698 1915 4748 varietas

362 4809 423 4861 cltrl
448 4807 582 4874 medicae,
610 4809 684 4860 cuine
709 4808 736 4859 ln
761 4809 896 4874 putamine
921 4806 997 4872 quael
1023 4819 1159 4857 morsuum
1185 4803 1299 4870 vestigia
1326 4805 1445 4870 conspici
1470 4802 1600 4856 ridentur.
1637 4804 1682 4867 (c.
1707 4804 1854 4870 Moeblua.)
1879 4833 1915 4844 -

362 4913 428 4984 569)
437 4914 513 4981 ficara
533 4913 692 4980 Pharaonis]
712 4914 777 4965 fleur
797 4928 954 4978 sycomorus
968 4911 1011 4977 ln,
1031 4913 1107 4965 cuiue
1129 4911 1241 4978 liguum,
1260 4909 1391 4976 putrediul
1407 4912 1548 4976 resistens,
1568 4908 1914 4977 sarcophagiamumlarura

361 5023 533 5076 conficiendis
553 5022 722 5074 inserviebat.
762 5020 807 5086 (c.
828 5021 975 5087 Morbiua.)
996 5048 1030 5059 -
1050 5016 1116 5086 576)
1132 5016 1249 5084 ductiles]
1269 5015 1391 5071 Phoenix
1410 5017 1573 5086 dactylilera.
1612 5018 1657 5084 (C.
1678 5019 1825 5087 lloeblur.)
