4214 6096
1032 356 1052 418 9

731 679 734 684 .
795 622 840 682 16.
871 631 989 681 consu
1011 634 1311 693 unmouaunusrs„

327 744 538 827 Bibliotheca
552 760 771 829 Ambrosiana
800 766 941 831 continet
972 766 1093 831 librum
1120 766 1331 834 aBernardo
1363 767 1404 833 de
1425 769 1633 841 Montfaucon
1655 772 1806 840 Biblioth.
1836 775 1882 840 bi-

213 874 437 941 bliothecarum
457 878 474 942 1
497 900 528 965 p.
551 885 608 944 511
635 879 695 944 col.
717 880 733 943 l
755 880 801 944 sic
823 880 1036 969 descriptum:

370 991 554 1059 Brochardi
578 994 748 1060 Teutonici
770 996 947 1083 descriptio
970 997 1092 1063 Terrae
1113 998 1265 1081 Sanctae,
1289 1023 1432 1088 pergam.
1460 1010 1485 1068 l.
1506 1002 1614 1071 bomb.
1641 1013 1666 1071 l.

819 1203 865 1262 17.
892 1213 1013 1262 consu
1034 1214 1269 1263 uunnrcnusrs.

326 1340 422 1407 Hunc
443 1342 604 1408 Martinus
629 1343 750 1431 Kropli
766 1344 929 1421 (Biblioth.
951 1344 1147 1411 Mellicensis
1170 1369 1200 1432 p.
1223 1354 1275 1423 5⁰2)
1300 1349 1347 1413 sic
1369 1348 1539 1416 describit:

367 1457 554 1525 Burclrardi
580 1457 620 1524 de
640 1460 752 1525 Monte
776 1460 867 1548 Syon
890 1460 1077 1548 Descriptio
1098 1474 1206 1527 terrae
1231 1462 1380 1532 Sanctae.
1423 1465 1489 1531 Ine.
1514 1468 1632 1553 praei:
1654 1466 1877 1533 Dilectissimo

368 1576 403 1641 in
433 1575 563 1643 Christo
589 1576 682 1641 Patri
713 1574 826 1642 lectori
857 1578 996 1643 fratrum
1027 1578 1162 1643 Ordinis
1194 1579 1455 1664 praedicatorum
1486 1583 1587 1648 frater
1613 1582 1808 1648 Burkardus
1838 1583 1878 1648 de

366 1692 477 1758 Monte
500 1691 590 1778 Sycu
619 1715 693 1758 curu
722 1694 809 1758 omui
831 1692 1002 1759 devotione
1024 1694 1187 1759 orationes
1214 1697 1248 1759 iu
1269 1695 1413 1762 Domino
1435 1698 1515 1764 Jesu
1538 1698 1668 1767 Christo
1691 1712 1752 1764 etc.
1797 1700 1879 1767 cod.

365 1807 415 1872 ch.
436 1807 490 1874 fol.
510 1807 540 1872 h.
568 1813 614 1874 17.

322 1924 371 1990 cf.
392 1925 490 1990 Pertz
511 1924 635 1990 Archiv
658 1922 691 1988 X
714 1930 782 1993 603.

828 2112 873 2176 18.
904 2124 1022 2173 conus
1043 2124 1259 2174 oxouruusrs.

321 2258 410 2325 Inter
435 2256 537 2323 libros
567 2280 641 2322 mss.
664 2256 802 2342 Collegii
823 2255 857 2323 S.
878 2255 921 2320 M.
944 2255 1160 2343 Magdalenae
1187 2257 1383 2325 Oxoniensis
1404 2259 1573 2327 Bernardo
1602 2261 1642 2327 de
1663 2263 1874 2332 Montfaucon

204 2384 331 2441 auctore
353 2377 406 2440 bic
428 2385 491 2440 est:

365 2492 455 2559 2184.
476 2498 525 2558 43.
550 2490 771 2556 Directorium
791 2500 899 2554 terrae
922 2498 1056 2553 sanctae
1078 2488 1116 2553 A.
1138 2488 1181 2553 D.
1207 2495 1285 2559 1332
1307 2489 1350 2555 ad
1371 2490 1565 2578 Passagium
1587 2494 1778 2563 faciendum.

319 2610 496 2669 Brochoi-di
515 2610 589 2669 liber
610 2612 645 2671 de
667 2621 752 2669 terra
773 2617 888 2671 sancta.

320 2720 469 2788 Historia
491 2722 759 2811 ierosolymitana
780 2721 973 2787 abbreviata
994 2731 1025 2785 et
1048 2743 1078 2807 q.
1100 2744 1123 2786 s.

322 2837 398 2904 Vid.
419 2838 628 2905 Montfaucon
648 2837 801 2904 Biblioth.
822 2836 968 2903 biblioth.
989 2837 1013 2902 Ι.
1036 2844 1095 2907 668
1119 2836 1179 2902 ecl.
1198 2836 1239 2901 Il.
1277 2837 1374 2901 Perta
1395 2836 1519 2902 Archiv
1540 2836 1603 2904 VII
1623 2842 1671 2904 95.

322 2956 388 3038 Qui
409 2954 492 3020 liber
513 2954 722 3020 Beckmanno
745 2978 776 3041 p.
799 2961 836 3022 41
861 2964 942 3019 teste
964 2954 1140 3039 inscriptus
1163 2964 1225 3018 est:

366 3070 420 3136 Ad
448 3070 603 3136 honorem
634 3070 746 3136 sulvat.
775 3069 887 3135 mundi
913 3071 1027 3158 incipit
1055 3069 1138 3134 liber
1167 3068 1208 3133 dc
1236 3079 1325 3134 terra
1355 3080 1468 3134 sancta
1498 3069 1602 3134 editus
1630 3072 1773 3138 afratre
1793 3074 1873 3139 Bro-

364 3186 486 3253 chardo
508 3187 692 3253 theotonica
713 3185 835 3251 ordinis
856 3187 997 3251 fratrum
1018 3185 1288 3272 praedicatorum.

319 3304 484 3369 Praefatio
506 3304 638 3390 incipit:

364 3419 448 3486 Cum
480 3420 514 3484 in
542 3418 706 3485 veteribus
731 3420 876 3484 historiis
898 3417 1044 3504 legamus
1067 3455 1108 3466 -
1125 3455 1166 3465 —
1188 3416 1262 3503 Ego
1282 3421 1383 3484 frater
1403 3416 1612 3484 Brochardus
1635 3419 1758 3485 ordinis
1780 3444 1873 3509 prae·

360 3534 458 3601 dicat.
480 3534 595 3600 videns
616 3558 714 3621 quam
734 3535 843 3621 plures
864 3535 985 3600 fideles.

320 3651 413 3716 Finis
435 3652 647 3739 praefationis
669 3661 737 3715 est:

361 3768 398 3832 lu
421 3766 556 3854 singulis
580 3766 795 3833 divisionibus
814 3767 911 3853 posui
933 3768 1081 3831 civitates
1104 3778 1135 3831 ct
1156 3766 1237 3832 loca.
1263 3801 1300 3811 —
1325 3799 1363 3809 —
1388 3765 1508 3851 Incipit
1530 3763 1647 3831 divisio
1669 3777 1776 3832 terrae
1799 3791 1869 3833 san·

362 3895 432 3948 ctae
458 3907 517 3970 per
543 3883 616 3949 loca
638 3895 669 3949 et
688 3884 883 3971 provincias.
926 3881 1101 3948 Sciendum
1123 3893 1229 3947 tamen
1250 3882 1353 3946 estin
1376 3881 1556 3969 principio,
1584 3882 1670 3970 quod
1692 3896 1779 3949 terra
1799 3886 1871 3959 ista,

360 4022 457 4087 quam
479 4011 623 4065 sanctam
647 4000 783 4065 dicimus
806 4048 814 4064 .
834 4048 872 4063 ..

317 4116 411 4181 Finis
430 4115 522 4181 libri:

359 4231 505 4319 Explicit
526 4231 655 4297 libellus
677 4231 781 4297 editus
805 4255 825 4298 a
846 4232 946 4297 fratre
967 4231 1158 4297 Brochardo
1178 4228 1303 4295 ordinis
1325 4228 1587 4317 praedicatorum
1613 4228 1654 4293 de
1675 4229 1869 4297 discretione

360 4358 392 4412 et
419 4349 645 4413 terminatione
674 4359 780 4413 terrae
810 4357 941 4413 sanctae
953 4397 962 4431 ,
993 4370 1089 4435 quam
1116 4349 1188 4432 ipsc
1211 4356 1313 4412 totam
1336 4344 1577 4432 perambulavit
1599 4354 1631 4410 et
1652 4347 1736 4411 vidit
1759 4360 1789 4411 et
1812 4347 1869 4411 diu

359 4466 456 4529 stetit.
499 4464 602 4545 Quem
624 4465 755 4551 scripsit
776 4466 810 4529 in
832 4466 963 4530 heremo
985 4500 1027 4510 —
1049 4463 1171 4551 Symon
1193 4462 1360 4546 heremita,
1382 4460 1527 4527 reclusus
1550 4460 1590 4527 ob
1613 4484 1757 4527 amorem
1773 4461 1868 4541 illius,

359 4581 415 4667 qui
436 4582 470 4644 in
491 4591 578 4645 terra
600 4590 713 4646 sancta
733 4592 877 4647 mortuus
900 4591 950 4646 est
972 4602 1031 4667 pro
1051 4579 1155 4646 nobis.

316 4696 354 4763 V.
377 4696 462 4763 Hist.
484 4697 530 4761 lit.
554 4698 593 4761 dc
614 4696 646 4761 la
668 4696 725 4760 Fr.
743 4696 835 4761 XXI.
857 4702 927 4777 aot,
949 4695 1004 4760 ubi
1026 4697 1143 4761 citatur
1159 4694 1305 4780 Catalog.
1327 4692 1399 4758 libr.
1420 4716 1498 4759 mss.
1513 4693 1686 4779 Angliact.
1702 4692 1719 4757 Ι
1734 4702 1818 4777 part.
1835 4693 1866 4758 Il

193 4833 224 4875 n.
245 4818 397 4880 ars-43.

316 4928 441 5010 Quodsi
470 4928 531 4994 hoc
553 4930 586 4993 in
607 4929 718 4995 codice
739 4930 867 5016 legatur
874 4977 884 5008 ,
914 4928 976 5010 „dc
997 4931 1211 5007 descriptione,
1243 4924 1368 4990 nonde
1390 4908 1566 4987 discretione
1588 4933 1620 4987 et
1640 4922 1866 4989 terminatione

195 5057 299 5110 terrae
322 5046 485 5127 sanctae“‚
507 5047 694 5110 oxoniensis
717 5068 789 5111 cum
811 5045 982 5111 florentino
1004 5044 1114 5131 priore
1136 5043 1308 5108 convenire
1330 5041 1468 5105 videtur.

821 5251 864 5311 19.
895 5260 1014 5309 conr-:x
1035 5258 1240 5307 rarnvmcs.

312 5392 501 5460 Bernardus
523 5392 564 5458 de
587 5392 795 5457 Montfaucon
816 5392 944 5457 Patavii
963 5394 996 5456 iu
1017 5390 1129 5456 Museo
1152 5390 1278 5455 Nicolai
1302 5385 1468 5451 Trivisani

355 5511 391 5575 P.
417 5516 474 5579 108
496 5508 656 5576 Borcardi
679 5507 850 5572 Teutonici
872 5507 1123 5594 descriptionem
1144 5518 1251 5570 terrae
1273 5511 1404 5567 sunctae

191 5628 353 5691 asservari
371 5626 451 5691 dicit
473 5627 511 5690 B.
534 5624 564 5690 b.
585 5625 602 5690 I
626 5630 686 5693 488
708 5622 765 5687 ccl.
787 5623 829 5688 ΙΙ.
