4214 6096
1054 349 1094 411 60

238 547 405 623 peccatum
427 530 509 597 adeo
530 530 735 617 persequitur
758 529 990 609 Sodomorum,
1017 528 1105 614 quod
1132 530 1234 592 eciam
1261 540 1348 593 terra
1377 531 1450 615 ipsa
1478 550 1581 615 penas
1609 526 1705 593 soluit
1728 546 1786 612 per
1806 522 1912 590 millia

236 663 282 717 tot
304 648 477 714 annorum!

358 765 389 829 A
415 763 541 828 dextris
569 765 701 847 insuper
729 770 762 824 ct
787 782 807 824 a
835 761 974 825 sinistris
997 771 1121 825 montes
1144 760 1270 825 steriles
1293 772 1421 826 suntet
1442 759 1525 825 aridi
1548 760 1599 825 uel
1621 758 1761 825 barbare
1783 756 1909 823 habita·

236 882 332 948 tionis
354 902 413 966 per
435 877 543 943 stadia
564 877 659 962 longa
683 878 930 956 terrarum⁴⁰³),
957 875 1013 939 ubi
1035 898 1138 962 uapor
1158 875 1245 941 idem
1266 878 1451 963 pertingere
1474 887 1580 963 potest
1601 887 1696 941 uento
1717 874 1913 962 impellente.

359 996 483 1061 Dicunt
504 993 636 1080 quidam
654 991 825 1057 Iordanem
848 1014 950 1078 aquas
972 1014 1047 1057 suas
1068 992 1130 1057 isto
1151 994 1235 1057 mari
1254 1015 1319 1057 non
1343 994 1522 1075 misecrc⁸),
1544 992 1600 1057 sed
1621 994 1813 1079 priusquam
1833 988 1914 1055 illue

237 1115 356 1194 ueniat,
377 1136 397 1177 a
418 1123 505 1175 terra
527 1108 715 1189 absorberi;
738 1106 796 1173 sed
817 1106 989 1172 Sarraceni
1012 1130 1072 1194 pro
1095 1120 1182 1173 certo
1204 1108 1357 1173 dixerunt
1376 1108 1464 1190 mihi,
1485 1107 1570 1196 quod
1591 1109 1691 1173 intrat
1709 1118 1743 1172 ct
1763 1106 1913 1187 exit⁴⁰⁸),

238 1229 296 1296 sed
318 1238 393 1316 post
414 1225 575 1291 modicum
598 1227 743 1310 spacium
767 1223 810 1289 ab
830 1225 920 1288 exitu
943 1246 1000 1288 suo
1025 1234 1154 1287 eterra
1177 1224 1378 1289 absorbetur.

361 1343 533 1407 Excrescit
560 1353 667 1406 autem
699 1363 788 1404 mare
818 1339 896 1404 illud
923 1338 1084 1402 interdum
1116 1338 1156 1403 de
1184 1340 1380 1406 resolutione
1408 1341 1529 1405 niuium
1560 1341 1600 1405 de
1621 1339 1747 1405 Libano
1777 1347 1810 1402 et
1838 1336 1915 1402 aliis

237 1461 416 1541 montanis,
447 1457 488 1522 de
515 1457 724 1522 inundatione
746 1455 897 1521 Iordanis
923 1464 954 1518 ct
982 1456 1134 1519 torrentis
1156 1455 1256 1520 Iaboc
1277 1467 1310 1520 et
1331 1457 1478 1520 Hermon
1499 1467 1531 1521 ct
1553 1455 1661 1521 Zered
1669 1454 1693 1529 b)
1704 1457 1762 1533 ⁴⁰⁷)
1784 1466 1817 1520 et
1839 1453 1915 1532 des)

240 1576 360 1663 pluuiis
382 1572 573 1639 cadentibus
595 1573 629 1636 in
652 1571 793 1656 Gulilea,
824 1582 931 1636 monte
953 1569 1096 1651 Galaad,
1126 1582 1213 1636 terra
1234 1570 1332 1637 Moab
1351 1581 1383 1636 et
1399 1571 1538 1637 Ammon
1559 1584 1591 1636 ct
1613 1572 1711 1659 Scyr,
1733 1571 1773 1635 de
1795 1570 1917 1657 quibus

244 1691 394 1757 omnibus
416 1711 499 1776 aque
523 1688 722 1752 descendunt
742 1711 801 1774 per
823 1686 994 1752 Iordanem
1017 1686 1059 1750 ad
1081 1708 1171 1750 mare
1192 1687 1285 1751 istud
1326 1687 1492 1751 Inuenitur
1522 1689 1625 1752 eciam
1652 1689 1686 1752 in
1707 1709 1745 1753 eo
1767 1686 1914 1752 bitumen

240 1806 407 1874 collectum
436 1804 476 1869 de
507 1803 606 1869 fundo
632 1805 750 1890 ipsius,
778 1803 864 1890 quod
895 1814 990 1867 uento
1013 1803 1157 1888 agitante
1179 1802 1313 1868 adheret
1335 1802 1395 1867 sibi
1419 1814 1529 1870 mutuo
1552 1816 1585 1870 et
1605 1803 1778 1891 appulsum
1797 1801 1915 1867 littori-

240 1924 300 1988 bus
322 1920 444 1987 tollitur
468 1921 500 1983 in
525 1941 643 2005 magna
666 1920 862 2005 quantitate,
890 1930 922 1982 et
943 1929 991 1982 est
1012 1917 1204 1982 medicinale
1227 1931 1257 1982 et
1279 1920 1380 2001 t'orte,
1411 1931 1442 1984 ct
1461 1942 1526 1985 non
1549 1919 1684 1985 soluitur
1705 1917 1803 1995 nisil)
1822 1939 1916 1981 men·

240 2050 328 2104 struo
348 2037 515 2121 sanguine,
536 2050 566 2099 ct
589 2034 771 2120 appellatur
792 2033 916 2120 glutum
939 2033 1110 2097 iudaicum,
1151 2032 1247 2098 Unde
1270 2047 1300 2098 et
1320 2035 1409 2100 lacus
1430 2035 1538 2117 Iudee,
1560 2033 1915 2121 laurasamensis.

239 2154 405 2219 bituminis
436 2150 627 2238 appellatur.
670 2150 801 2214 Dicitur
828 2151 912 2213 enim
934 2148 1072 2213 Genesis
1094 2148 1241 2226 X1v⁴⁰⁸>
1248 2197 1257 2230 ,
1285 2149 1391 2237 quia‘)
1420 2151 1515 2216 uallis
1542 2151 1713 2233 siluestris,
1746 2172 1808 2237 que
1829 2168 1918 2213 nune

240 2280 289 2335 est
315 2291 405 2333 mare
435 2267 528 2350 salis,
557 2266 699 2331 habebat
730 2276 844 2352 puteos
871 2263 988 2328 multos
1015 2263 1189 2327 bituminis.
1232 2264 1276 2329 Et
1302 2266 1397 2331 hodie
1420 2279 1494 2331 sunt
1514 2267 1623 2355 plures
1652 2267 1687 2331 in
1708 2267 1815 2331 littore
1837 2266 1918 2329 eins.

241 2385 286 2450 Et
311 2397 359 2449 est
384 2406 512 2470 semper
537 2384 672 2469 piramis
703 2391 811 2445 crecta
840 2382 932 2445 iuxta
959 2378 1134 2466 quemlibet
1157 2391 1303 2466 puteum,
1336 2405 1416 2468 quas
1444 2382 1544 2447 oculis
1566 2383 1647 2448 meis
1668 2380 1746 2446 uidi.
1788 2380 1833 2446 Et
1855 2380 1918 2445 hec

241 2501 282 2567 de
303 2503 365 2567 isto
388 2501 472 2564 mari
492 2498 581 2564 dicta
603 2497 773 2562 sufficiant.

189 2643 221 2694 47
363 2616 417 2679 De
438 2613 577 2700 Galgale
598 2612 680 2695 loco,
702 2612 742 2677 de
763 2636 826 2699 quo
850 2612 971 2675 dictum
994 2622 1042 2674 cst
1064 2614 1245 2698 supra409),
1267 2614 1371 2679 tribus
1393 2614 1509 2696 leucis,
1532 2614 1572 2678 de
1595 2615 1682 2679 fonte
1702 2613 1825 2679 Helisei
1845 2622 1919 2678 tan·

240 2732 381 2815 tundem,
403 2744 516 2796 contra
536 2729 730 2818 aquilonem,
751 2730 784 2793 in
807 2728 987 2807 montanis,
1014 2750 1034 2790 a
1057 2725 1158 2792 latere
1179 2729 1354 2814 aquilonali
1377 2728 1583 2810 Quarentene
1605 2741 1653 2794 est
1674 2731 1817 2811 Hay⁴¹⁰)
1839 2730 1920 2794 ciui·

240 2862 302 2931 tas,
323 2870 418 2935 quam
441 2847 642 2932 expugnavit
662 2846 768 2927 Iosue,
787 2867 865 2929 rege
886 2845 955 2907 cius
977 2843 1156 2925 interfecto,
1180 2855 1214 2908 ut
1236 2842 1355 2910 dic-itur
1374 2847 1470 2911 Iosue
1491 2846 1615 2924 vuls).

191 2989 224 3041 4⁸
367 2963 419 3027 Dc
443 2962 520 3048 Hay
543 2961 585 3025 ad
605 2984 702 3025 uuam
725 2960 848 3024 leucam
871 2961 938 3023 fere
959 2971 1074 3023 contra
1095 2957 1297 3045 aquilonem,
1327 2962 1559 3049 aliquantulum
1587 2961 1778 3027 declinando
1801 2960 1844 3025 ad
1866 2982 1921 3026 oc·

243 3080 402 3145 ridentem
429 3094 477 3143 est
499 3079 673 3154 Bethel⁴¹b
701 3077 833 3156 ciuitas,
863 3097 924 3160 quc
953 3074 1113 3160 quondam
1140 3082 1224 3137 ana
1254 3077 1438 3160 dicebatur,
1467 3080 1502 3143 in
1529 3077 1618 3143 tribu
1644 3078 1831 3159 Beniamin,
1861 3075 1921 3142 ubi

243 3193 342 3260 Iacob
376 3193 499 3258 uadens
527 3205 638 3258 eontra
668 3193 841 3272 orientem,
874 3191 1004 3278 quando
1033 3193 1115 3277 fugit
1143 3214 1163 3255 a
1184 3193 1266 3256 facie
1287 3192 1393 3275 Esau,
1425 3196 1536 3259 fratris
1559 3196 1623 3274 sui,
1652 3194 1796 3280 lapidem
1818 3192 1919 3281 capiti

249 3331 435 3396 supponens
463 3308 675 3389 obdormiuit,
705 3321 737 3371 et
766 3307 848 3372 uidit
879 3306 1001 3372 scalam
1032 3317 1169 3373 stantem
1196 3331 1292 3394 super
1321 3321 1441 3374 terram
1463 3320 1495 3374 ct
1516 3333 1669 3375 cacumen
1691 3311 1760 3374 eius
1781 3321 1923 3395 tangens

246 3425 332 3491 celos
352 3439 385 3490 ct
406 3438 524 3507 cetera,
547 3449 609 3513 que
635 3425 785 3489 dicuntur
805 3423 861 3504 ibi,
886 3434 917 3488 ct
939 3424 1043 3487 erexit
1063 3423 1205 3510 lapidem
1228 3425 1260 3487 in
1282 3425 1419 3505 titulum,
1442 3437 1473 3490 et
1495 3427 1672 3513 appellauit
1692 3450 1808 3492 nornen
1826 3427 1923 3491 istius
1984 3426 1989 3439 '

245 3547 359 3604 Bethel.
395 3541 517 3606 Errant
538 3556 660 3623 autem,
682 3544 736 3627 qui
759 3540 818 3604 hoc
841 3539 953 3603 dicunt
971 3539 1169 3604 lerosolimis
1191 3541 1312 3604 factum
1336 3565 1415 3623 csse,
1439 3545 1514 3629 quia
1535 3542 1589 3607 illo
1611 3554 1755 3628 ternpore
1776 3544 1810 3605 in
1832 3542 1920 3606 Ieru-

246 3658 345 3722 salem
368 3661 518 3742 regnauit
538 3656 789 3721 Melchisedech.
833 3654 877 3720 Et
900 3670 970 3720 crat
992 3658 1109 3720 ciuitas
1131 3654 1290 3740 gloriosa,
1313 3680 1372 3722 nec
1394 3661 1454 3721 tuit
1474 3681 1621 3741 neccsse,
1644 3659 1729 3744 quod
1753 3658 1851 3723 Iacob
1873 3658 1922 3722 ibi

246 3777 279 3839 ln
300 3796 415 3860 campo
438 3773 603 3855 dormiret,
626 3775 768 3837 maxime
789 3774 822 3835 in
845 3784 952 3837 monte
970 3772 1086 3855 Illoria,
1109 3775 1163 3857 qui
1186 3789 1261 3837 tuuc
1282 3775 1341 3838 tuit
1363 3787 1395 3838 ct
1416 3784 1464 3838 cst
1486 3774 1582 3839 hodio
1600 3776 1723 3851 iuxtalt
1745 3775 1925 3840 ciuitatem.

246 3892 400 3957 Pretcrca
422 3891 516 3954 huius
538 3890 616 3953 t'acti
637 3889 759 3953 Indicia
781 3888 877 3952 hodic
899 3891 932 3954 in
955 3891 1016 3953 isto
1038 3888 1152 3953 Bcthel
1174 3888 1449 3955 demonstrantur:
1479 3900 1511 3955 ct
1537 3890 1621 3976 lapis
1644 3901 1769 3954 erectus
1791 3890 1825 3953 iu
1847 3891 1921 3954 titu-

249 4008 330 4089 lum,
361 4018 392 4070 et
423 4006 602 4092 sepulcrum
623 4005 793 4087 Debborc,
826 4007 961 4069 nutricis
984 4005 1145 4086 Rebecca,
1174 4007 1285 4070 subtus
1313 4010 1346 4070 iu
1373 4006 1466 4072 ualle.
1508 4007 1632 4071 Dicunt
1659 4020 1765 4071 tamen
1788 4004 1921 4093 quidam

245 4122 424 4190 Ierusalem
447 4120 560 4186 Bcthcl
582 4121 719 4203 dictam,
743 4122 890 4187 uersibus
912 4122 976 4187 illis
997 4125 1084 4186 t‘atuc
1105 4122 1303 4186 inherentes:

624 4237 763 4319 Solima,
786 4238 895 4314 Luza,
919 4238 1046 4317 Bethcl,
1068 4237 1260 4319 Ierusalem,
1282 4237 1393 4320 chus,
1416 4240 1522 4321 Helia,

622 4352 700 4416 urbs
723 4376 816 4418 saera
838 4353 1013 4418 Ierusalem
1033 4353 1151 4417 dicitur
1174 4366 1269 4440 atque
1292 4355 1408 4419 Salem.

248 4472 279 4536 A
299 4470 415 4559 quibus
438 4470 575 4534 libenter
597 4469 765 4549 discerem,
788 4472 820 4532 in
843 4493 904 4556 quo
925 4471 995 4535 loeo
1012 4469 1139 4534 Ueteris
1164 4470 1212 4534 ucl
1231 4471 1315 4536 Noui
1331 4472 1531 4537 Testamenti
1547 4473 1764 4535 testimonium
1780 4468 1923 4535 habeant

247 4587 423 4653 Ierusalem
445 4587 569 4651 Luzam
592 4584 642 4648 uel
664 4584 776 4648 llctlrcl
799 4585 935 4666 dictam,
967 4588 1028 4649 nisi
1051 4587 1132 4650 t'orte
1155 4587 1308 4674 templum
1332 4588 1430 4653 uelint
1451 4595 1569 4662 luctet,
1597 4587 1630 4651 id
1657 4599 1707 4652 est
1728 4594 1842 4649 domam
1865 4590 1928 4648 Dei

317 4771 343 4837 a)
363 4769 456 4821 riacani
471 4768 509 4822 st.
530 4766 640 4819 rrrrbccri
657 4764 673 4817 h
703 4797 734 4803 —
754 4765 782 4834 b)
799 4768 891 4820 :orcht
908 4766 949 4822 St.
968 4797 996 4804 —
1024 4771 1049 4838 υ)
1070 4776 1094 4820 et
1109 4768 1225 4836 plrna'is,
1243 4769 1341 4822 omisso
1360 4785 1418 4825 voc.
1438 4771 1471 4822 ele
1489 4767 1527 4822 st.
1548 4800 1577 4808 -
1595 4768 1624 4839 d)
1642 4769 1690 4820 ubi
1707 4772 1816 4847 menstr.
1837 4764 1876 4821 St.
1888 4797 1924 4807 —

383 4856 408 4919 ei
426 4853 502 4907 hante
517 4852 588 4903 idem
605 4848 630 4902 h.
651 4880 680 4889 -
703 4848 729 4917 f)
747 4851 796 4919 qui
813 4852 855 4905 St.
873 4853 948 4919 quod
963 4849 989 4904 h.
1011 4881 1036 4889 -
1060 4852 1089 4920 gl
1107 4851 1187 4905 loscio
1205 4854 1262 4905 cius
1286 4853 1326 4905 VI
1340 4855 1379 4906 s't.
1400 4883 1431 4890 --
1450 4852 1479 4920 b)
1497 4854 1575 4905 iuxta
1593 4856 1633 4906 s't.
1651 4852 1726 4904 intra
1743 4849 1768 4903 h.

312 5046 383 5115 405)
402 5062 459 5118 per
482 5041 582 5099 stadio
610 5041 697 5115 lonyn
721 5038 880 5110 terrarum}
914 5038 1002 5113 longe
1025 5038 1064 5096 la·
1170 5046 1240 5112 408)
1265 5041 1389 5100 Genesis
1409 5041 1504 5115 XIV]
1527 5063 1553 5100 v,
1580 5047 1623 5100 10,

250 5149 345 5218 teque,
1168 5144 1237 5212 109)
1261 5143 1295 5197 de
1318 5159 1374 5216 qao
1394 5141 1502 5199 dictum
1525 5150 1567 5198 est
1589 5139 1692 5215 supro]
1715 5157 1737 5197 s.
1760 5141 1808 5198 34.

1169 5242 1240 5311 410)
1261 5239 1342 5315 Hoy]
1371 5241 1422 5309 Ai,
1448 5261 1505 5300 rec.
1530 5239 1598 5299 'rell
1624 5237 1816 5298 el·Hsschur
1832 5256 1930 5316 prope

1107 5335 1214 5396 Baitia.
1250 5336 1286 5398 V.
1307 5342 1366 5399 tran
1386 5339 1423 5399 dc
1447 5338 1541 5398 Velde
1563 5358 1647 5399 mem.
1669 5359 1697 5416 p.
1714 5339 1783 5414 282,
1804 5357 1830 5394 v.
1846 5333 1927 5394 Rau·

1108 5456 1169 5494 mer
1189 5457 1216 5515 p.
1244 5442 1307 5498 152.

315 5295 384 5361 tos,
407 5301 433 5348 ct
455 5290 523 5366 erit]
547 5289 605 5348 Vix
626 5301 679 5363 est,
702 5287 780 5369 quod
796 5286 900 5356 dicam,
924 5284 1064 5343 Barchar-

252 5389 321 5447 dum
343 5406 446 5448 errare.

316 5539 386 5609 407)
408 5538 517 5613 Zered]
550 5540 595 5599 ct.
618 5540 705 5598 Num.
726 5536 822 5608 XXI,
853 5538 888 5595 12
915 5538 1067 5605 (venerunt
1171 5543 1242 5611 411)
1268 5539 1376 5611 Bethell
1408 5558 1484 5596 nunc
1513 5536 1618 5596 Baitin.
1662 5534 1710 5595 cf.
1739 5554 1767 5593 v.
1796 5532 1928 5592 Raumer

255 5635 290 5693 ad
313 5644 470 5694 torrentem
491 5636 595 5697 Zarcdi
616 5647 645 5697 et
665 5637 755 5696 Deut.
776 5637 818 5695 ll.
846 5640 891 5697 13.
917 5641 961 5696 14.
1110 5657 1138 5714 p.
1163 5641 1218 5696 100
1241 5657 1282 5716 sq.
