4214 6096
855 654 984 731 ..uo
1032 705 1071 718 -

320 861 381 927 Est
403 862 507 927 eciam
529 860 668 945 quedam
696 872 781 924 terra
808 858 892 924 ultra
914 859 1096 945 Egyptum,
1127 858 1223 923 cuius
1252 857 1360 922 incole
1389 868 1549 923 uocantur
1577 857 1676 924 lesiui
1689 856 1735 921 ⁵⁴⁰.
1771 863 1821 925 lo.

187 988 262 1074 Que
285 996 354 1052 totu
376 987 553 1052 christiana
577 996 639 1050 est.
685 984 726 1049 Et
748 982 872 1049 habent
900 983 1021 1068 singuli
1051 982 1202 1048 homines
1229 982 1400 1066 prouincia
1428 981 1518 1048 illius
1547 1004 1675 1050 erucem
1703 984 1737 1050 iu
1772 986 1821 1049 ll.
1860 986 1911 1047 18.

187 1112 360 1194 frontibus,
385 1114 472 1196 quia,
496 1110 681 1196 comparui
700 1120 789 1190 sunt,
810 1109 1028 1175 cauteriantur
1042 1106 1078 1145 ⁵⁴¹
1096 1109 1129 1172 in
1149 1106 1313 1174 frontibus
1333 1110 1405 1176 suis
1423 1110 1457 1174 iu
1473 1109 1604 1194 signum
1620 1111 1737 1176 crucis.

188 1237 256 1323 Qui
280 1237 467 1326 frequenter
490 1237 671 1322 inpugnant
692 1234 856 1323 Egyptios
879 1254 1084 1301 sarracenos.
1129 1233 1254 1318 Horum
1276 1234 1359 1299 fides
1382 1246 1449 1315 est,
1479 1236 1567 1320 quod
1590 1236 1625 1301 in
1648 1237 1738 1303 breui
1773 1235 1823 1296 19.
1860 1233 1911 1296 20.

187 1365 220 1427 in
245 1375 334 1428 tanta
365 1361 572 1428 multitudine
601 1361 742 1427 debeant
769 1361 883 1427 uenire
912 1362 944 1426 in
969 1359 1181 1442 Babilonem,
1214 1371 1249 1425 ut
1277 1360 1399 1445 singuli
1429 1360 1582 1447 singulos
1610 1360 1739 1448 lapides

188 1488 315 1570 tollant,
339 1502 374 1553 et
396 1509 462 1554 non
486 1497 651 1553 remaneat
673 1488 707 1551 in
730 1486 891 1553 Babilone
913 1486 1009 1572 lapis.

324 1668 411 1732 lnter
433 1668 530 1731 istam
553 1666 754 1751 prouinciam
773 1663 1029 1734 Christianorum
1048 1676 1080 1730 et
1097 1663 1261 1751 Egyptum
1284 1674 1336 1729 est
1359 1664 1476 1730 ciuitas
1500 1665 1651 1752 quedam,
1675 1686 1739 1751 que
1772 1669 1823 1731 21.

189 1793 306 1875 dicitur
336 1789 476 1872 necte,
513 1790 545 1855 in
577 1812 641 1877 qua
671 1801 722 1855 est
750 1789 860 1855 tumba
888 1787 1051 1870 Maumet,
1081 1789 1241 1875 prophete
1269 1778 1535 1871 Samaoeuorum,
1570 1791 1613 1855 ad
1642 1809 1738 1876 quam

188 1932 325 2001 peregre
355 1916 606 2001 proficiscuntur
635 1915 676 1978 de
710 1914 857 2011 diuersis
875 1908 1028 2000 'partibus
1059 1927 1093 1979 et
1127 1913 1319 2002 longinquis
1352 1914 1542 1999 regionibus
1576 1914 1740 2000 peregrini

189 2043 370 2123 sarraceni,
405 2053 439 2106 et
466 2052 532 2105 tam
561 2039 746 2117 celebriter,
780 2048 816 2103 ut
845 2040 885 2104 ad
916 2050 1066 2104 sanctum
1096 2038 1307 2124 sepulchrum
1333 2037 1466 2104 Domini
1496 2041 1741 2125 peregrinantur

189 2166 377 2232 Christiani.
412 2166 479 2232 Sed
504 2186 567 2231 neo
589 2166 684 2230 diues
708 2184 771 2255 pec
793 2184 917 2250 pauper
938 2165 1126 2245 admittitur,
1149 2165 1213 2229 nisi
1238 2165 1294 2230 det
1317 2185 1449 2231 aureum
1474 2166 1651 2231 denarium.
1692 2165 1740 2230 lbi
1772 2175 1825 2238 22.
1863 2174 1915 2239 23,

188 2292 265 2379 plus
289 2291 426 2358 effectus
448 2291 576 2378 placet,
605 2310 703 2378 quam
725 2289 880 2371 affectus3
910 2290 987 2376 plus
1009 2311 1122 2356 aurum
1144 2290 1333 2377 requiritur,
1357 2308 1455 2375 quam
1478 2310 1536 2356 cor
1557 2290 1740 2356 contritum.

188 2403 393 2483 'l'umha‘illa
417 2417 563 2482 lllaumet
583 2436 651 2502 non
675 2416 801 2502 pendet
818 2417 851 2481 iu
875 2422 961 2497 aere,
986 2426 1021 2481 ut
1040 2417 1172 2503 quidam
1195 2427 1356 2498 asserunt,
1379 2417 1480 2482 immo
1502 2436 1602 2503 super
1624 2428 1741 2484 terram
1773 2419 1826 2481 il.

186 2556 250 2608 est.
297 2544 339 2608 Et
361 2563 427 2607 non
450 2540 585 2606 habetur
608 2540 654 2606 ibi
678 2542 819 2629 amplius
844 2544 885 2608 de
908 2561 1044 2628 corpore
1067 2564 1129 2607 suo
1152 2544 1217 2608 nisi
1242 2519 1356 2608 dexter
1377 2562 1457 2628 pes,
1480 2543 1557 2629 quia
1580 2541 1740 2630 reliquum
1773 2546 1826 2608 tt.
1958 2607 1960 2611 .

190 2687 310 2753 corpus
334 2668 407 2732 eius
430 2676 533 2732 totum
552 2687 571 2731 a
589 2667 700 2753 porcis
719 2667 975 2735 Christianorum
995 2669 1187 2735 deauratum
1210 2680 1272 2733 est.
1314 2648 1371 2733 De'
1384 2667 1479 2733 cuius
1497 2668 1565 2733 uita
1583 2665 1741 2752 plurimas
1771 2662 1826 2735 eo.

189 2790 294 2858 turias
307 2789 345 2830 “³
367 2792 487 2859 audiui.
1070 2797 1075 2805 ’

325 2973 472 3044 XXV.
524 2976 669 3043 Maumet
697 2988 767 3076 erat
796 2988 911 3044 custos
941 2976 1157 3058 camelorum,
1190 2995 1315 3062 pauper
1344 2987 1377 3042 et
1407 2976 1605 3063 epilenticus
1619 2976 1667 3059 ⁵⁴⁴,
1701 2979 1743 3043 de
1777 2986 1805 3047 l.
1837 2984 1839 2988 ‘
1878 3063 1885 3076 ι

191 3122 312 3189 genere
336 3070 613 3169 Boidewinorum.
658 3103 721 3169 Hic
750 3102 791 3169 ab
815 3123 924 3168 amaro
938 3101 976 3139 ³⁴⁵
999 3101 1147 3167 heretico
1175 3111 1209 3167 et
1237 3099 1396 3167 heremita
1425 3112 1490 3167 tam
1519 3101 1743 3188 corporalibus
1776 3114 1806 3177 2.

191 3239 226 3292 et
256 3227 442 3294 carnalibus
471 3247 568 3317 quam
597 3227 823 3313 spiritualibus
854 3205 1023 3313 euripus
1053 3238 1106 3293 est
1128 3227 1290 3315 nequiciis
1319 3238 1353 3291 et
1374 3229 1555 3294 instructus
1577 3228 1679 3310 adeo,
1708 3237 1744 3292 ut

191 3373 250 3438 per
271 3335 799 3439 nigromantiam,potentissimus
823 3362 923 3420 esset.
970 3351 1074 3420 Cuius
1098 3352 1255 3433 doctrina,
1280 3373 1354 3417 cum
1377 3328 1488 3420 adhuc
1506 3353 1644 3434 uiueret,
1666 3351 1743 3419 talis
1775 3359 1807 3422 3.

192 3487 269 3541 erat.
316 3476 503 3544 Predicauit
532 3488 717 3543 terrestrem
747 3498 824 3544 esse
853 3477 1059 3564 paradisum,
1093 3475 1270 3542 habentem
1299 3486 1438 3565 quatuor
1465 3475 1617 3559 flumina,
1651 3477 1743 3558 uiuo,
1776 3488 1806 3550 4.

191 3600 307 3682 melle,
336 3601 439 3684 lacta,
469 3624 555 3690 aqua
583 3605 755 3669 manantia.
801 3603 988 3669 Predioauit
1011 3613 1044 3668 et
1066 3624 1183 3669 omnes
1205 3601 1407 3697 Sarracenos
1436 3605 1470 3668 in
1494 3601 1582 3669 hello
1606 3601 1743 3670 Christi·
1777 3610 1807 3673 5.

192 3746 325 3790 anorum
349 3705 483 3793 occisos
506 3729 540 3792 in
563 3727 710 3812 prediola
733 3728 835 3814 recipi
856 3727 1026 3814 paradiso,
1058 3736 1091 3792 et
1117 3727 1162 3793 ibi
1186 3726 1358 3795 carnaliter
1379 3729 1420 3793 ad
1443 3729 1572 3795 libitum
1594 3728 1744 3813 pluribus

188 3824 239 3917 uti
261 3853 456 3939 uirginibus,
468 3852 557 3941 'quia
581 3851 627 3918 ibi
650 3852 811 3919 carnalem
828 3853 1017 3939 paradisum
1037 3853 1101 3918 cibi
1125 3839 1159 3918 et
1175 3864 1275 3938 potus
1293 3862 1326 3920 et
1344 3854 1581 3940 cuiuscumque
1597 3852 1759 3932 oblecta·

191 3977 289 4043 minis
314 3977 455 4044 carnalis
479 3988 512 4044 et
534 3928 738 4045 luxus‘esse
760 3977 962 4064 perhibebat,
987 3989 1019 4042 et
1042 3979 1213 4044 mixturam
1231 3975 1406 4043 multorum
1424 3975 1580 4045 bonorum
1603 3977 1746 4047 futuram

192 4114 225 4166 et
254 4101 442 4170 affluentem
472 4103 689 4190 uoluptatem,
720 4114 755 4171 et
782 4102 847 4169 alia
874 4103 975 4170 multa
1003 4103 1124 4169 similia
1147 4101 1211 4170 hiis
1239 4100 1336 4189 plena
1365 4100 1522 4170 stulticiis
1544 4103 1743 4190 predicabat.

193 4226 334 4315 Conpati
358 4230 422 4296 sihi
446 4232 590 4298 inuicem
613 4241 646 4297 et
669 4228 816 4296 auxiliari
838 4231 984 4316 pacienti
1008 4203 1158 4298 docebat
1776 4232 1807 4294 o.

298 4580 365 4650 540)
389 4581 481 4651 lirim]
505 4537 709 4651 44114ήαί4-
733 4584 803 4654 Ὶ541)
829 4584 1017 4653 annuatur]
1043 4565 1306 4656 καυτηριάζονται.
1329 4611 1365 4622 -
1383 4581 1460 4651 bei)
1485 4583 1554 4650 Meo]
1582 4585 1686 4639 Maece.
1709 4613 1745 4624 -

193 4687 260 4757 543)
285 4688 381 4758 rursus]
406 4691 560 4757 Ducanglur
587 4695 695 4747 nonnisi
719 4694 832 4747 iorruuru
858 4693 945 4764 trusos
968 4692 1057 4747 habet.
1093 4693 1181 4746 Dieril
1207 4698 1295 4746 autem
1314 4695 1476 4758 auctoritas,
1502 4708 1518 4744 a
1541 4691 1639 4745 Latino
1664 4694 1746 4746 rerhu

193 4794 318 4849 turbandi
344 4797 501 4849 vocabulum
524 4796 646 4854 ducentia
665 4816 715 4870 pro
739 4801 862 4855 codicum
884 4803 1016 4869 scriptura
1037 4809 1109 4855 sture
1127 4801 1241 4855 ridetur.
1276 4802 1336 4857 vid.
1355 4804 1422 4856 llieu
1440 4820 1462 4855 r.
1483 4818 1506 4854 r.
1525 4799 1617 4872 truffa-
1646 4803 1747 4856 Turlae
1882 4799 1886 4807 ’

192 4913 256 4957 suut
276 4920 371 4972 nugae.
391 4934 426 4944 -
444 4905 511 4975 544)
534 4905 693 4978 epilenticus]
718 4911 885 4978 epilepticus.
903 4938 939 4949 -
962 4909 1029 4978 545)
1053 4909 1395 4977 muneremunere·
1422 4916 1465 4962 est
1488 4909 1623 4976 ingratum
1649 4922 1745 4963 macer.

193 5012 254 5064 vid.
273 5013 413 5069 Duireerrc.

1504 5114 1536 5198 ⁷.
