4214 6096
959 351 998 410 77

260 530 314 595 De
339 528 513 593 Ierusalem
534 530 600 594 1111
625 529 726 595 leucis
755 540 867 594 eontra
896 527 1096 595 occidentem
1117 538 1166 592 θεῖ
1187 529 1413 608 Εηιπιαιιε555),
1440 525 1497 590 ubi
1518 524 1679 589 Dominus
1701 524 1847 595 amba-³

136 646 208 711 lans
231 668 303 711 cum
325 645 450 711 dnobus
473 644 643 732 discipulis
664 649 698 709 iu
721 646 829 732 specie
849 646 1015 731 peregrini
1038 646 1168 730 agnitus
1190 655 1238 708 est
1259 645 1293 707 in
1314 643 1471 708 fractione
1493 646 1595 729 panis.
1631 641 1704 706 Hec
1717 640 1814 707 hodie

136 765 292 841 Nicopolis
304 763 361 838 558)
384 760 511 826 dicitur.

261 878 314 943 De
333 877 511 943 Ierusalem
524 877 573 942 111
594 878 693 942 leucis
715 876 775 942 sub
798 888 905 942 monte
925 874 993 940 Silo
1016 888 1128 941 contra
1147 875 1345 941 occidentem
1367 885 1415 940 est
1435 881 1587 938 Bethoron
1609 874 1848 954 inferior-⁵⁴⁰),t

140 993 181 1058 de
203 1015 268 1080 qua
289 995 409 1058 mentio
430 996 463 1057 in
485 992 568 1058 libro
588 993 750 1070 Iosue⁵⁵⁰)
773 1005 804 1056 et
824 991 1079 1057 Machabeorum
1099 992 1192 1070 1555).

263 1109 315 1174 De
339 1109 515 1174 Ierusalem
541 1109 589 1173 IV
618 1109 718 1173 leucis
759 1120 793 1172 et
825 1108 959 1172 dimidia
986 1118 1097 1172 eontra
1124 1106 1323 1171 occidentem
1354 1107 1503 1172 euntibus
1531 1107 1715 1194 Diospolim
1746 1107 1848 1170 siuet

137 1224 290 1312 Lyddam
313 1234 363 1291 est
388 1229 604 1289 Oariatliarim
617 1226 691 1307 555),
714 1247 776 1310 que
796 1225 857 1288 fuit
877 1247 943 1288 una
964 1223 1005 1288 de
1026 1223 1163 1288 urbibus
1186 1222 1462 1305 Gabaonitarum,
1484 1227 1518 1287 in
1540 1246 1604 1309 qua
1625 1224 1694 1287 XX
1714 1244 1817 1287 annos

141 1343 263 1406 mansit
283 1341 385 1406 archa
405 1341 549 1423 Domini,
571 1351 743 1427 postquam
763 1340 898 1405 reducta
919 1350 968 1405 θεῖ
989 1339 1029 1404 de
1050 1338 1234 1404 Philistiim.
1278 1339 1309 1403 A
1332 1339 1563 1405 cariathiarim
1581 1341 1648 1404 fere
1671 1337 1714 1403 ad
1734 1339 1817 1403 occi·

141 1456 270 1521 dentem
291 1468 341 1521 est
361 1456 481 1522 Lachis
494 1459 566 1538 555),
594 1458 697 1521 eciam
718 1478 783 1520 una
806 1479 846 1520 ex
869 1456 1005 1521 urbibus
1028 1455 1301 1538 Gabaonitarum‚
1328 1479 1424 1542 quam
1447 1455 1574 1520 obsedit
1596 1452 1817 1519 Sennacherib

138 1572 340 1659 temporibus
361 1572 545 1651 Ezechier).

262 1689 315 1755 De
338 1689 569 1756 Cariathiarim
589 1689 621 1753 Π
641 1689 741 1753 leucis
763 1698 875 1752 eontra
897 1700 1042 1752 austrum
1061 1689 1130 1753 fere
1152 1700 1200 1753 est
1221 1694 1393 1751 Betlrames
1416 1686 1559 1772 opidum,
1582 1685 1668 1773 quod
1692 1684 1734 1749 ad
1757 1683 1816 1749 dit·
1835 1697 1851 1747 6

136 1807 312 1870 feronciam
336 1804 483 1885 alterius,
514 1826 576 1890 que
598 1816 648 1869 est
668 1807 701 1868 in
723 1803 971 1889 Neptalim⁵⁵⁴)‚
1005 1805 1124 1869 dicitur
1145 1810 1318 1867 Betlsames
1339 1806 1498 1883 Iade-⁵⁵⁵),
1527 1826 1565 1866 ae
1586 1816 1694 1867 tamen
1715 1803 1750 1865 in
1769 1801 1818 1864 rei

138 1923 278 1987 ueritate
299 1931 369 1986 erat
387 1920 427 1985 de
449 1919 537 1984 tribu
558 1920 644 1984 Dan.

261 2038 300 2102 In
327 2059 442 2122 campo
469 2035 564 2099 huius
585 2034 661 2099 uille
682 2034 744 2099 due
766 2057 865 2098 tinere
887 2035 927 2098 de
948 2035 1098 2101 Accaron
1120 2037 1322 2100 reduxerunt
1351 2035 1484 2099 archam
1505 2035 1658 2114 Domini,
1688 2031 1817 2118 quando

138 2154 338 2219 Bethsamite
368 2151 532 2216 metebant
562 2152 706 2214 triticum
732 2152 766 2213 In
789 2150 893 2233 ualle,
926 2154 1093 2217 etmortui
1117 2165 1191 2216 sunt
1213 2152 1356 2238 deipsis
1379 2152 1477 2215 LXX
1498 2150 1600 2215 millia
1622 2148 1748 2236 plebis,
1781 2169 1818 2211 eo

140 2270 227 2359 qued
246 2269 406 2335 uidissent
428 2267 560 2331 archam
581 2267 716 2330 Domini
737 2266 867 2330 nudam.

261 2385 314 2449 De
334 2384 510 2449 Ierusalem
534 2383 566 2446 X
588 2381 688 2445 leucis
718 2391 830 2446 contra
852 2382 1052 2447 occidentem
1081 2398 1129 2448 est
1152 2389 1353 2463 Ramatlapm
1376 2387 1497 2464 Septim
1511 2384 1584 2464 555),
1613 2404 1675 2468 que
1697 2379 1850 2466 partimt

206 2586 234 2656 a)
250 2583 359 2639 Verba:
377 2585 405 2636 A
423 2582 622 2635 Carietliiarim
639 2611 665 2619 —
692 2581 809 2634 Eraclia
828 2598 882 2634 non
901 2588 966 2634 sunt
984 2581 1058 2650 apud
1078 2581 1116 2636 St.

202 2776 272 2845 547)
295 2769 445 2844 Emmaus]
470 2767 501 2827 Si
523 2779 638 2849 spectes
664 2768 848 2841 distantiam,
870 2790 957 2849 quam
1000 2764 1045 2828 ὅτι
1071 2764 1144 2847 πρὸς
1176 2767 1298 2848 ἑσπέραν
1323 2767 1399 2829 ἐστὶν
1431 2769 1587 2827 coniuncta
1614 2768 1726 2825 faciunt
1753 2783 1818 2823 cnm

139 2869 327 2932 Bnrchardus
354 2869 413 2938 dat,
432 2867 476 2926 IV
499 2868 664 2940 leucarum,
692 2869 721 2927 b.
744 2869 762 2928 l.
786 2867 890 2927 dieitur
915 2889 958 2927 re·
1000 2868 1186 2941 Robinmno,
1221 2871 1270 2948 qui
1295 2903 1337 2913 —
1365 2879 1397 2928 ut
1422 2869 1479 2927 boc
1510 2876 1697 2944 exegetamm
1730 2881 1819 2922 eausa

140 2990 209 3030 cens
238 2969 322 3028 loeus
350 2966 548 3037 el-Kubebeb,
580 2969 629 3046 qui
658 2987 723 3026 cum
746 2968 866 3046 antiqua
888 2967 957 3025 Em·
1001 2966 1109 3026 addam
1133 3001 1173 3010 -
1195 2969 1281 3027 simili
1305 2969 1424 3046 sagacia
1445 2988 1493 3046 ap.
1509 2965 1573 3025 Ioh.
1593 2964 1684 3024 XIX.
1703 2969 1738 3024 14
1759 2980 1819 3019 non

140 3090 205 3129 mae
233 3068 370 3146 componi
392 3067 480 3143 vulgo
501 3066 590 3141 solet,
623 3065 775 3124 sedidem
797 3087 852 3125 nee
871 3066 958 3124 Nico·
1002 3061 1040 3145 ς’,
1062 3063 1138 3146 ἕκτη,
1162 3066 1213 3126 sed
1234 3060 1258 3146 γ’
1281 3066 1394 3144 (τρίτη),
1417 3065 1495 3146 quod
1518 3074 1563 3125 est
1580 3063 1734 3143 epMare.
1750 3059 1819 3119 XV.

140 3168 215 3249 polis
237 3176 296 3234 est,
324 3186 419 3244 neque
439 3186 457 3222 a
479 3166 581 3243 ntique
603 3164 672 3222 urbs
693 3164 849 3232 Emmaus,
884 3185 958 3243 quae
1002 3170 1056 3239 25,
1090 3165 1246 3242 legendum
1282 3187 1347 3225 esee
1379 3168 1505 3232 invenit,
1539 3182 1663 3222 monens
1692 3163 1820 3239 insuper,

140 3275 381 3327 commemoratur
408 3284 455 3342 ap.
485 3263 556 3322 Luc.
574 3262 693 3323 XXIV.
721 3269 765 3323 13.
809 3262 853 3323 Of.
877 3263 958 3322 Tob·
999 3264 1066 3323 Act.
1088 3264 1156 3324 VII.
1184 3271 1229 3327 lb'.
1268 3260 1399 3344 Ἀβραὰμ
1427 3266 1485 3342 legi
1510 3284 1563 3344 pro
1587 3255 1684 3338 Ιακῶβ
1701 3280 1739 3319 ex
1760 3256 1820 3317 Ge-

140 3365 181 3425 ler
200 3366 279 3444 Top.
300 3385 328 3422 v.
343 3363 405 3422 Jer.
420 3363 461 3421 ΙΙ.
486 3365 635 3423 538-15.
658 3384 684 3421 v.
702 3362 830 3421 Rasum
842 3385 871 3442 p.
892 3368 958 3423 169.
1000 3364 1063 3421 nesi
1084 3363 1239 3424 XXXIII.
1265 3371 1301 3426 18
1326 3388 1368 3446 sq.
1397 3375 1425 3425 et
1449 3357 1592 3442 Ἰερεμίου
1621 3378 1729 3420 nomen
1755 3356 1821 3416 reti-

201 3465 272 3535 548)
294 3461 456 3537 Nicopolis]
490 3461 645 3539 Antiquior
666 3461 818 3540 Nicopolis
846 3472 891 3520 est
915 3481 957 3520 re·
1000 3460 1128 3520 nendum
1158 3484 1222 3522 esse
1250 3485 1296 3544 ap.
1325 3464 1429 3525 Matth.
1460 3463 1595 3522 XXVII.
1621 3467 1650 3523 9.
1693 3457 1731 3516 V·
1761 3454 1821 3513 Ro·

141 3582 210 3622 cens
234 3563 369 3631 Amwas,
388 3559 466 3638 qnod
490 3580 612 3632 nomen,
642 3561 665 3618 si
686 3559 889 3619 Robinsonum
912 3581 957 3620 se·
1000 3559 1106 3620 binson
1127 3561 1166 3620 N.
1188 3563 1222 3622 F.
1245 3585 1273 3642 p.
1299 3570 1355 3624 191
1378 3584 1406 3624 n.
1432 3569 1456 3623 1.

142 3662 254 3741 quasis,
271 3659 348 3718 idem
370 3658 513 3738 estquod
538 3661 692 3730 Emmaus,
715 3679 808 3737 eaque
828 3661 893 3738 ipsa
914 3671 959 3719 θεῖ
1064 3666 1134 3732 549)-
1158 3663 1308 3720 Bethoron
1331 3662 1467 3736 inferior]
1490 3660 1566 3720 Beth
1579 3659 1682 3717 Horon
1696 3657 1817 3734 antiqua

139 3759 282 3818 Emmaus
315 3758 379 3829 illa,
415 3778 490 3837 quae
527 3767 769 3816 commemoratur
807 3779 854 3838 ap.
884 3759 957 3818 Luc.
1000 3771 1044 3816 est
1077 3780 1179 3817 recens
1207 3760 1273 3818 Beit
1300 3761 1353 3820 'Ur
1388 3759 1521 3820 et-tahta
1557 3760 1586 3830 (i.
1619 3778 1645 3816 e.
1678 3755 1819 3828 inferior),

140 3858 261 3919 XXIX.
290 3861 335 3917 13.
378 3857 474 3915 Abest
502 3856 619 3936 quidem
649 3856 864 3936 Hierosolymis
887 3861 957 3916 Am·
1000 3877 1075 3936 quae
1104 3857 1290 3934 distinguitur
1317 3880 1335 3917 a
1357 3861 1422 3919 Beit
1451 3856 1504 3918 'Ur
1531 3856 1644 3917 el-foka
1670 3856 1699 3926 (i.
1723 3874 1746 3913 e.
1775 3874 1820 3910 su·

140 3961 200 4018 wis
218 3958 268 4016 XI
280 3957 373 4015 millia
387 3977 463 4033 poss.
483 3977 564 4027 rom,
586 3952 640 4033 75),
651 3955 746 4024 horas,
769 3969 797 4013 et
808 3957 959 4029 Emmaus,
999 3957 1117 4034 perior),
1130 3977 1204 4035 quae
1221 3968 1265 4016 est
1280 3958 1519 4038 Hierosolymam
1538 3959 1611 4015 inter
1631 3964 1660 4014 et
1674 3951 1821 4033 Lyddam.

140 4058 255 4134 vulgari
281 4057 437 4135 scriptione
464 4057 487 4112 si
516 4056 621 4123 utaris,
649 4054 708 4112 LX
730 4064 841 4112 tantum
865 4055 960 4114 stadia
1065 4060 1134 4128 550)
1158 4056 1254 4131 Iosuc]
1274 4057 1360 4118 XVI.
1384 4065 1410 4129 5,
1432 4057 1536 4115 XVII.
1560 4061 1605 4115 13.

142 4176 165 4217 s.
194 4152 250 4233 75),
276 4154 367 4212 millia
395 4174 472 4232 pass.
494 4175 582 4224 rom,
618 4152 670 4211 sod
692 4155 809 4232 scriptio
831 4155 959 4231 vulgaris
1066 4159 1136 4226 551)
1159 4156 1390 4213 tractationem
1412 4157 1442 4231 Ι)
1466 4155 1537 4214 VII.
1561 4159 1597 4214 39
1613 4174 1675 4232 sqq.
1697 4151 1754 4210 IX.
1774 4157 1823 4210 50.

143 4252 326 4334 repudianda
348 4260 403 4324 est,
425 4273 513 4331 quum
537 4273 607 4310 vera
628 4254 761 4331 scriptio,
790 4274 877 4332 quam
899 4262 959 4312 tue·
1064 4256 1134 4324 552)
1156 4253 1380 4329 Corinthiarius]
1396 4254 1512 4313 Kiriath
1531 4254 1646 4323 Iearim,
1660 4271 1738 4308 nunc
1753 4249 1823 4307 Abu

140 4362 186 4411 tur
217 4353 374 4410 auotoritas
402 4372 461 4410 non
491 4352 554 4408 sola
583 4351 704 4409 duorum
733 4352 866 4410 codicum
888 4354 959 4411 anti·
1003 4349 1130 4411 Ghosch.
1168 4352 1509 4415 Ot.Ritte1·XV1.1os.
1551 4352 1704 4410 Robinson
1725 4348 1764 4406 N.
1786 4347 1821 4408 F.

142 4453 359 4531 quissimorum,
388 4449 490 4529 Cyprii
513 4451 602 4508 seculi
625 4451 672 4508 IX
699 4462 727 4508 θῖ
749 4450 958 4509 Vindobonen·
1003 4454 1161 4530 p.205sq.,
1176 4473 1203 4510 v.
1215 4452 1345 4512 Raumer
1356 4475 1383 4533 p.
1400 4460 1464 4515 178.
1482 4451 1597 4510 Tobler
1610 4456 1635 4510 3.
1651 4447 1700 4504 W·
1717 4450 1823 4525 p.169·

143 4551 181 4609 eia
209 4548 347 4608 Caesarei
375 4549 465 4607 seculi
492 4547 568 4621 VII,
598 4559 627 4606 et
653 4551 790 4619 aliorum,
818 4569 873 4607 nec
900 4571 960 4608 non
1066 4553 1136 4616 553)
1166 4553 1284 4627 Laelia]
1320 4573 1423 4612 recens
1454 4549 1650 4612 Um-Lakhis.
1697 4544 1734 4604 V.
1763 4563 1822 4601 van

140 4651 282 4708 versionis
306 4648 436 4726 syriacae
464 4647 741 4726 hierosolymitanae
768 4649 859 4708 seculi
881 4649 907 4705 V
933 4658 961 4708 et
1004 4646 1039 4704 de
1063 4647 1157 4707 Velde
1178 4650 1266 4709 Mem.
1290 4655 1357 4712 329.
1402 4651 1540 4711 Ceterum
1563 4650 1645 4707 locus
1667 4645 1714 4702 hic
1736 4662 1823 4721 prop·

143 4747 237 4806 Italae
257 4747 289 4817 I,
317 4746 479 4805 sedetiam
510 4746 618 4802 codicis
646 4747 793 4819 sinaitici,
828 4750 864 4806 sit
886 4745 960 4806 inu·
1003 4757 1047 4803 tor
1069 4748 1140 4804 initii
1159 4751 1308 4827 sequentis
1337 4750 1555 4808 similitudinem
1578 4744 1657 4825 apud
1681 4742 1723 4800 St.
1747 4740 1823 4799 exci-

141 4839 202 4905 τὸν
230 4842 377 4921 ἑξήκοντα.
421 4843 470 4901 Sic
498 4845 585 4920 igitur
611 4845 767 4918 legendum
796 4858 839 4906 cst
860 4849 960 4907 Lucae
1003 4844 1079 4903 disse
1102 4846 1223 4905 videtur.

143 4944 261 5016 XXIV,
286 4949 336 5015 13,
366 4965 425 5002 non
448 4937 593 5017 ἑξήκοντα.
637 4943 723 5018 Quod
752 4968 804 5004 suo
826 4948 887 5005 iuro
909 4949 960 5006 ite·
1066 4946 1137 5015 554)
1160 4948 1285 5003 (alterius
1317 4947 1488 5023 quaestio
1511 4942 1691 5018 Neplitalim]
1723 4940 1769 5001 Cf.
1792 4962 1821 4998 v.

144 5064 206 5101 rum
235 5045 396 5122 iterumque
425 5039 575 5099 contendit
604 5041 791 5102 Robinsonus
814 5045 878 5104 Pal.
902 5047 959 5105 III.
1002 5043 1131 5101 Ιῖεεῖιεθε
1151 5065 1179 5121 p.
1205 5051 1261 5106 163
1285 5056 1343 5103 not.
1371 5050 1436 5104 160.

144 5146 200 5203 281
227 5163 269 5222 sq.
314 5142 358 5201 ct.
382 5141 420 5199 N.
443 5139 563 5199 Forsoh.
586 5160 613 5217 p.
640 5145 826 5214 tet-196,
855 5164 960 5223 repug-
1066 5144 1136 5202 555)
1165 5145 1337 5200 Bctlrsamcs
1365 5142 1450 5217 Iade]
1481 5161 1559 5198 nunc
1580 5140 1647 5198 ’Ain
1670 5138 1821 5204 Schemes.

143 5250 232 5300 nante
252 5239 369 5320 quidem
391 5238 605 5310 Vandeveldio,
627 5242 676 5318 qui
698 5242 834 5311 (Memoir
854 5264 882 5321 p.
902 5248 960 5304 309
1003 5240 1039 5300 V.
1063 5240 1175 5298 'Poblor
1197 5247 1223 5302 3.
1247 5240 1295 5301 W.
1317 5263 1345 5320 p.
1361 5246 1427 5313 181,
1448 5261 1508 5299 von
1529 5239 1566 5298 de
1587 5238 1681 5298 Velde
1701 5245 1823 5299 memoir

144 5342 197 5419 sq.)
218 5341 273 5399 iter
296 5339 368 5397 illud
391 5340 507 5416 longius
529 5339 619 5396 fuisse
640 5350 755 5412 censet,
775 5361 862 5419 quam
883 5341 961 5421 quod
1004 5360 1032 5418 p.
1056 5344 1112 5399 297
1138 5360 1196 5417 sq,
1219 5361 1244 5398 v.
1265 5340 1394 5398 Raumer
1415 5361 1443 5418 p.
1469 5344 1535 5399 163.

145 5457 202 5496 uno
231 5437 279 5496 die
309 5438 352 5496 bis
381 5439 442 5496 lieri
470 5440 578 5516 possit3
606 5436 684 5516 quod
709 5452 798 5514 negat
817 5439 962 5499 Robinso·
1068 5441 1138 5510 556)
1167 5440 1368 5514 Rarnotlieym
1392 5438 1521 5514 Soplim]
1551 5438 1682 5518 Antiqua
1707 5437 1822 5497 Rammr

144 5556 207 5596 nus.
261 5536 329 5596 Mea
364 5536 481 5615 quidem
516 5539 660 5596 sententie
692 5536 784 5595 verba
813 5559 859 5616 ap.
889 5539 961 5598 Luc.
1004 5559 1026 5598 s.
1050 5537 1237 5595 Ramathaim
1259 5537 1384 5616 Zopbim
1405 5535 1610 5596 Vandeveldio
1639 5545 1757 5596 anctore
1779 5547 1823 5597 est

144 5633 262 5696 XXIV.
296 5641 332 5696 33
362 5628 436 5718 αὐτῇ
466 5639 500 5718 τῇ
537 5631 597 5717 ὥρᾳ
626 5656 691 5695 curn
718 5637 961 5714 praecedentibus
1004 5657 1106 5696 recens
1125 5636 1246 5707 Rameh,
1267 5656 1342 5716 quae
1364 5656 1453 5695 unam
1476 5657 1568 5716 prope
1590 5638 1692 5695 boram
1708 5648 1822 5715 septen·
