4214 6096
1215 364 1234 428 8

637 633 683 692 ll.
712 642 829 691 CODEX
852 641 1108 692 BIBLIOTHECAE
1130 642 1256 690 uacua
1279 643 1304 690 S.
1325 643 1513 690 LAURIINTII
1534 642 1807 691 BSCURIALENSIS.

511 774 625 842 Codex
647 774 716 856 hic,
739 776 794 861 qui
815 784 863 838 est
885 776 918 838 in
939 773 1017 860 plut.
1039 774 1096 839 111.
1117 797 1195 839 arm.
1218 774 1247 840 0
1271 775 1329 840 Na.
1349 780 1404 856 34,
1423 776 1545 861 excipit
1563 773 1781 840 Directarium
1805 774 1848 838 ad
1868 775 2056 860 passagium

387 890 569 956 faciendum
590 890 642 955 fol.
663 895 702 957 32
722 913 824 956 verso.
867 890 906 954 V.
928 890 1011 954 Hist.
1034 889 1081 954 lit.
1103 890 1144 954 de
1167 889 1198 954 la
1221 890 1275 954 Fr.
1299 890 1380 955 XXI
1403 898 1478 971 205,
1511 890 1567 954 ubi
1590 893 1706 955 citatur
1728 893 1826 954 etiam
1848 890 1973 955 Haenel
1998 889 2057 955 col.

386 1010 457 1088 945,
479 1028 543 1094 quo
564 1015 646 1070 teste
668 1015 716 1070 est
736 1005 870 1071 membr.
892 1007 1125 1090 quaternarius.

955 1209 1001 1270 12.
1029 1210 1072 1270 13.
1101 1221 1248 1269 comeus
1269 1220 1490 1268 rnoasnrmt

509 1354 689 1420 Bandinius
712 1356 746 1418 in
769 1352 863 1417 catal.
887 1351 1034 1417 codicum
1054 1352 1228 1417 latinorum
1250 1351 1471 1419 Bibliothecae
1484 1353 1723 1419 Laurentianae
1745 1365 1832 1420 tomo
1849 1355 1899 1419 111
1920 1353 1979 1419 col.
1999 1357 2055 1420 124

388 1471 543 1539 describit
565 1470 636 1536 cod.
656 1469 734 1534 LVI
756 1468 856 1556 plutei
877 1468 1024 1533 LXXVI
1045 1467 1096 1533 his
1117 1466 1245 1534 verbis:

552 1584 680 1653 Nicolai
700 1583 831 1670 Anglici
861 1607 971 1671 expos.
998 1586 1031 1648 in
1053 1584 1221 1650 Boethium
1245 1584 1285 1648 de
1306 1584 1533 1650 consolatione.
1577 1583 1672 1650 Adde
1699 1589 1796 1650 etiam
1816 1583 1996 1650 Brochardi
2019 1583 2056 1649 li·

553 1701 672 1767 bellum
695 1701 735 1766 de
757 1700 861 1765 Terra
882 1699 1013 1781 Sancta,
1036 1700 1203 1766 Ciceronis
1224 1701 1420 1766 Partitiones
1443 1701 1627 1782 Oratorias,
1650 1712 1682 1767 et
1701 1703 1866 1788 Anonymi
1887 1701 1960 1766 alia.

509 1816 692 1884 Barchardi
714 1815 841 1881 libellus
864 1825 913 1880 est
935 1816 1092 1901 scriptum
1113 1819 1275 1900 quintum,
1298 1839 1318 1882 a
1340 1840 1413 1904 pag.
1436 1824 1476 1884 94
1496 1816 1669 1919 volpminis
1690 1817 1775 1882 illins
1798 1817 1987 1883 collectanei
2008 1820 2055 1880 in·

386 1939 519 2025 cipiens.
562 1934 673 2015 Quare
693 1932 874 1997 Bandinins
897 1931 957 1995 col.
982 1937 1039 1997 125
1064 1932 1143 1998 haec
1166 1931 1258 1996 dicit:
1558 1924 1565 1933 ’

552 2052 606 2116 Vl.
630 2072 703 2139 pag.
726 2054 774 2114 94.
798 2048 924 2112 Fratris
946 2046 1127 2112 Brochardi
1148 2048 1271 2114 ordinis
1293 2048 1555 2137 praedicatorum
1576 2048 1720 2113 Libellus
1742 2047 1781 2112 de
1803 2048 1910 2113 Terra
1925 2048 2055 2114 Sancta.

554 2167 685 2255 Incipit:
708 2170 815 2241 ,Quam
837 2169 867 2225 in
890 2168 1033 2226 veteribus
1053 2167 1186 2225 historiis
1207 2171 1345 2245 lepamns.
1388 2164 1532 2230 Finitur:
1561 2168 1641 2226 istud
1669 2169 1776 2245 absque
1799 2169 1885 2226 dubio
1906 2169 2008 2226 ridere
2030 2176 2057 2226 et

550 2287 657 2347 audire
685 2285 900 2345 devotissimam
928 2293 981 2344 est.
1024 2286 1063 2342 Et
1089 2285 1162 2343 daec
1192 2287 1228 2343 de
1248 2286 1294 2343 bis
1316 2286 1397 2344 dieta
1419 2285 1584 2364 sufficiant.
1629 2284 1763 2360 Explicit
1784 2284 1897 2342 libellas
1920 2285 2016 2342 editas
2039 2303 2058 2341 a

544 2408 652 2477 fratre
672 2402 850 2461 Brochardo
875 2400 1018 2474 Theoloqo
1039 2400 1154 2458 ordinis
1174 2402 1421 2476 praedicatorum
1443 2404 1479 2460 de
1499 2401 1697 2475 descriptione
1719 2409 1746 2458 et
1768 2400 1975 2458 terminatione
1999 2409 2057 2458 ter-

552 2540 607 2579 rae
628 2526 766 2592 sanctae,
789 2535 875 2594 qnam
897 2516 960 2591 ipse
983 2524 1074 2573 totam
1091 2518 1311 2593 perambulavit
1333 2517 1456 2576 stridit
1478 2526 1505 2575 et
1527 2517 1567 2575 ibi
1587 2517 1638 2574 dia
1659 2517 1746 2575 stetit.
1782 2512 1926 2576 Affertur
1945 2512 2058 2577 tabula

552 2629 773 2718 geographica
791 2628 877 2692 illius
900 2628 1049 2712 regionis,
1073 2627 1130 2692 sed
1153 2632 1231 2692 satis
1252 2627 1352 2692 rudis.
1375 2640 1406 2694 et
1428 2652 1456 2714 q.
1480 2652 1504 2692 s.

507 2748 598 2814 ldem
620 2745 679 2812 col.
703 2750 775 2813 1261

553 2863 667 2931 Codex
689 2860 954 2925 membranaceus
976 2882 1032 2922 ms.
1055 2860 1088 2923 in
1108 2859 1159 2925 fol.
1182 2882 1264 2925 saec.
1280 2859 1371 2941 XIV,
1394 2882 1434 2924 ex
1457 2871 1550 2946 parte
1569 2859 1654 2924 binis
1674 2859 1830 2924 columnis
1850 2871 2004 2925 exaratus
2020 2897 2057 2908 -

554 2980 690 3047 Constat
711 2978 796 3041 toliis
817 2977 943 3060 scriptis
971 2981 1034 3041 199.
1067 2976 1105 3039 ln
1128 2986 1189 3040 cat.
1205 2975 1318 3042 Montf.
1338 2975 1397 3040 sub
1418 2999 1504 3040 num.
1518 2976 1619 3040 XXX
1633 2977 1664 3053 (1
1680 2998 1705 3041 e.
1722 2975 1882 3040 Bernardi
1896 2975 1936 3040 de
1953 2976 2058 3043 Mont-

552 3097 669 3159 faucon
690 3095 725 3156 in
746 3090 946 3156 Bibliotheca
969 3090 1238 3156 bibliothecarum
1258 3092 1285 3157 Ι.
1306 3095 1388 3169 399.)

510 3213 558 3278 Cf.
579 3208 769 3274 Beckmann
791 3230 821 3292 p.
846 3211 884 3272 42
907 3206 990 3269 Hist.
1011 3205 1056 3269 lit.
1079 3206 1119 3271 de
1140 3206 1172 3270 la
1194 3207 1248 3271 Fr.
1270 3207 1354 3272 XXI
1375 3213 1445 3274 294.

512 3328 645 3393 Praeter
677 3324 761 3389 hunc
788 3323 1027 3387 Laurentianae
1055 3321 1196 3387 codicem
1219 3322 1407 3388 Bernardus
1437 3323 1477 3388 de
1502 3323 1711 3388 Montfaucon
1736 3321 1820 3388 Bibl.
1848 3322 1924 3387 bibl.
1953 3324 1970 3388 I
1999 3331 2059 3390 417

387 3455 498 3511 auctor
528 3452 591 3526 est,
620 3443 654 3506 in
674 3439 878 3505 Bibliotheca
906 3440 1092 3503 monasterii
1114 3438 1396 3505 Benedictinorum
1418 3439 1533 3504 beatae
1559 3438 1684 3504 Mariae
1711 3439 1900 3504 Florentina
1929 3450 2059 3505 exstare

387 3561 532 3628 codicem
562 3559 767 3645 inscriptum:
805 3559 933 3618 Libellus
964 3560 1078 3616 Terrae
1109 3559 1240 3618 Sanctae
1266 3560 1362 3618 editas
1393 3580 1413 3617 a
1435 3563 1542 3632 fratrc
1567 3561 1726 3619 Boebardo
1754 3562 1824 3642 (pro
1853 3554 2057 3633 Brochardo)

385 3686 460 3742 Item
486 3681 587 3741 Orosii
606 3682 642 3738 de
663 3677 879 3737 constructione
900 3677 1013 3734 Romae
1035 3681 1065 3734 ct
1088 3693 1116 3758 q.
1139 3694 1162 3734 s.

1022 3881 1068 3940 14.
1098 3890 1216 3938 cousx
1238 3889 1432 3937 nmsmnsrs.

511 4025 692 4090 loachimus
714 4023 861 4087 Fellcrus
892 4023 924 4085 iu
948 4021 1096 4106 catalogo
1117 4021 1262 4087 codicum
1286 4023 1580 4107 manuscriptorum
1601 4017 1821 4083 Bibliothecae
1844 4016 1998 4081 Paulinae
2024 4019 2058 4080 in

385 4141 567 4208 Academia
587 4141 751 4226 Lipsiensi
774 4140 964 4202 concinnato
987 4161 1018 4223 p.
1045 4144 1104 4204 314
1128 4160 1174 4224 sq.
1196 4136 1276 4200 haec
1298 4135 1408 4200 habet:

483 4263 531 4325 49.
554 4257 609 4321 Tr.
630 4255 672 4319 de
695 4254 847 4342 Philippo
869 4265 901 4317 et
922 4252 1111 4317 Alexandro
1133 4251 1187 4333 M,
1211 4254 1302 4316 cuius
1323 4253 1391 4315 init.
1411 4250 1582 4337 Philippus
1604 4249 1689 4314 lilius
1710 4251 1872 4335 Amyntae
1894 4262 1953 4314 etc.

552 4372 631 4436 Vita
653 4369 834 4435 Alexandri
855 4368 908 4452 hl,
932 4370 1021 4434 cuius
1042 4370 1112 4432 init.
1134 4370 1370 4455 Aegyptiorum
1392 4382 1423 4432 et
1446 4390 1474 4451 q.
1498 4391 1521 4431 s.

550 4489 737 4574 Descriptio
758 4485 901 4550 locorum
924 4496 1030 4549 terrac
1053 4497 1183 4548 ‘sanctae
1205 4485 1314 4548 fratris
1335 4483 1518 4548 Barchardi
1542 4482 1581 4547 de
1603 4482 1713 4547 Monte
1736 4480 1823 4545 Sion.

552 4603 604 4668 De
625 4602 768 4667 moribus
790 4605 934 4687 gentium
956 4600 1159 4688 quarundam
1182 4612 1212 4664 et
1234 4622 1262 4686 q.
1286 4623 1311 4663 s.

551 4720 604 4785 De
626 4717 819 4783 animalibus
841 4728 879 4782 tr.
902 4720 1069 4803 mysticus.

552 4837 603 4901 De
625 4834 763 4898 ecclesia
785 4843 817 4897 et
840 4855 1009 4918 synagoga
1031 4844 1061 4897 et
1084 4857 1114 4919 q.
1137 4857 1160 4897 s.

554 4953 623 5016 Der
644 4948 880 5037 Meydekrantz
903 4960 934 5014 et
956 4972 985 5034 q.
1009 4973 1032 5014 s.

554 5067 726 5154 Speculum
749 5065 909 5131 humanae
931 5065 1128 5130 salvationis,

999 5271 1045 5331 15.
1076 5280 1194 5329 connx
1216 5280 1454 5327 nomomensis.

512 5417 570 5477 Est
590 5414 804 5483 bibliothecae
820 5414 1027 5494 Harleianae,
1050 5411 1325 5492 membranaceus,
1348 5413 1493 5497 signatus
1515 5417 1594 5480 3995
1617 5417 1687 5487 (art.
1707 5415 1755 5485 19)
1778 5408 1876 5472 seculi
1894 5408 1966 5472 XV.
2003 5408 2055 5473 De

389 5554 451 5618 quo
479 5527 544 5593 vid.
569 5529 653 5594 Hist.
681 5531 725 5595 lit.
756 5532 795 5596 de
822 5532 854 5596 la
879 5533 934 5598 Fr.
956 5531 1039 5595 XXI
1068 5536 1144 5611 294,
1177 5528 1232 5593 ubi
1260 5528 1377 5592 citatur
1397 5528 1500 5594 Catnl.
1528 5530 1564 5593 of
1589 5528 1643 5592 the
1664 5523 1821 5588 Harleian
1848 5548 1921 5590 mss.
1952 5525 2057 5591 Lond.

392 5651 469 5714 rem
491 5656 512 5710 1.
534 5645 584 5711 111
604 5668 637 5731 p.
661 5651 727 5710 roa.
