4214 6096
973 338 1045 407 133'

171 518 372 605 Frequenter
402 530 508 583 autem
537 530 647 584 emunt
672 522 773 586 eciam
806 518 933 585 selauos
961 520 1172 603 christianos,
1203 520 1261 606 qui
1284 518 1467 584 detinentur
1496 521 1619 605 captiui
1641 518 1729 606 apud
1750 521 1872 605 ips0s5

170 633 378 717 Sarracenos,
399 645 430 699 et
452 634 572 700 ducunt
593 658 646 700 eos
667 635 711 699 ad
732 637 924 700 cimiterium
945 645 978 700 ct
998 635 1122 700 dicrmt:
1144 635 1229 718 „Tot
1248 634 1372 700 redimo
1393 656 1452 721 pro
1475 637 1583 699 anima
1603 637 1706 722 patris
1726 636 1789 699 mei
1809 642 1841 699 et

169 760 217 815 tot
238 772 298 837 pro
321 751 431 815 anima
452 753 565 815 matris
581 752 682 833 mee“,
706 761 737 815 ct
759 751 839 816 dant
860 752 906 815 eis
927 751 1051 815 litteras
1073 750 1233 815 libertatis
1256 761 1287 816 et
1309 750 1473 815 dimittunt
1494 773 1559 816 eos.
1600 751 1739 837 Propter
1762 755 1873 836 pau-6

169 886 263 952 peres
294 875 417 947 autem,
444 867 501 951 qui
521 888 586 930 non
607 876 743 952 possunt
764 867 924 932 redimere
956 866 1114 949 sclauum,
1141 869 1205 954 ipsi
1228 866 1402 931 Sarraceni
1434 876 1565 954 portant
1591 890 1649 952 per
1678 867 1839 930 ciuitatem

169 1003 246 1046 aues
267 983 453 1047 incaueatas
474 976 506 1078 ei
526 984 672 1069 captiuas
694 985 728 1046 in
750 985 876 1065 caucis,
903 993 936 1047 et
965 983 1119 1047 clamant:
1149 983 1252 1064 „Quis
1273 983 1328 1047 wlt
1356 986 1435 1047 istas
1457 1006 1533 1047 aues
1555 1005 1660 1047 emere
1681 993 1713 1046 ct
1734 981 1840 1044 dimit-

168 1107 236 1162 tere
260 1096 381 1163 liberas
412 1119 472 1183 pro
493 1100 601 1161 anima
623 1100 725 1184 patris
747 1099 850 1163 sui?“
878 1098 921 1163 Et
949 1121 1108 1185 pauperes
1136 1110 1245 1163 emunt
1268 1121 1323 1163 eas
1348 1109 1379 1163 et
1398 1099 1563 1163 dimittunt
1582 1121 1637 1163 eas
1660 1097 1767 1179 abire,
1796 1111 1872 1160 net

169 1215 278 1278 anima
305 1215 409 1300 patris
432 1215 481 1278 sui
501 1212 683 1279 detineatur
704 1216 842 1300 captiua.

292 1361 360 1448 Ipsi
388 1363 489 1426 eciam
516 1363 638 1426 faciunt
666 1373 858 1427 testamenta
879 1386 939 1449 pro
961 1362 1094 1427 canibus
1116 1363 1316 1446 nutriendis,
1348 1375 1379 1427 et
1400 1367 1433 1428 in
1455 1362 1656 1444 ciimatibus,
1689 1362 1745 1425 vbi
1768 1372 1873 1431 sunta

169 1475 261 1541 multi
283 1499 397 1560 canes,
430 1479 513 1542 sieut
534 1480 566 1541 in
588 1479 754 1544 Thurchia
776 1488 807 1542 et
826 1480 859 1542 in
880 1480 1015 1543 Perside
1034 1488 1066 1542 et
1087 1479 1121 1542 in
1141 1476 1302 1562 Baldaco,
1333 1481 1532 1563 inuenimus,
1559 1478 1646 1566 quod
1668 1499 1764 1542 canes
1784 1477 1839 1540 ha·

169 1591 290 1657 bebant
312 1593 468 1679 quosdam
489 1574 728 1680 procuratores,
750 1596 804 1680 qui
826 1597 994 1678 requirunt
1016 1604 1208 1659 testamenta
1229 1594 1342 1660 relicte
1364 1619 1423 1682 pro
1441 1595 1585 1676 canibuS,
1608 1597 1686 1658 etin
1702 1593 1840 1658 ciuitati-

170 1708 246 1789 bus,
273 1709 401 1794 quando'
431 1708 585 1775 deficiunt
613 1720 821 1792 testamenta,
851 1723 988 1795 querunt
1017 1711 1222 1776 elemosinam
1252 1733 1311 1797 per
1343 1713 1508 1775 ciuitatem
1537 1720 1568 1774 et
1590 1709 1738 1774 diuidunt
1758 1710 1841 1773 inter

171 1846 278 1889 canes.
328 1825 461 1889 Mittunt
492 1827 594 1890 eciam
623 1824 743 1891 bonam
771 1827 978 1891 elemosinam
1006 1828 1045 1891 de
1075 1850 1159 1914 pane
1189 1850 1249 1913 pro
1278 1827 1394 1891 auibus
1424 1826 1625 1906 fluuialibus,
1662 1848 1723 1912 que
1753 1833 1875 1892 certa9

170 1938 252 2004 hora
272 1952 511 2027 congregantur
534 1942 576 2005 ad
598 1943 737 2006 sonitum
759 1952 881 2006 eertum
899 1944 969 2025 181),
994 1954 1025 2007 et
1047 1943 1086 2007 de
1108 1945 1190 2030 ipsis
1212 1945 1418 2028 congregatis
1440 1944 1601 2029 proiciunt
1624 1941 1840 2005 elemosinam.

1863 2044 1891 2093 10

1861 2110 1889 2160 11

169 2169 216 2235 ibi
236 2172 445 2236 instituuntur
465 2173 555 2237 multi
576 2185 710 2260 propter
731 2178 908 2239 maximum
931 2174 1082 2240 calorem.
1124 2175 1256 2240 Habent
1283 2177 1368 2239 enim
1389 2177 1481 2238 iuxta
1504 2175 1666 2237 ciuitatem
1695 2170 1892 2257 pulcher-12

169 2055 215 2119 Et
240 2055 303 2119 hoc
329 2058 510 2121 inuenimus
532 2061 675 2122 maxime
702 2060 734 2121 in
756 2058 900 2123 Baldaco
931 2069 962 2123 et
989 2062 1024 2123 in
1044 2061 1175 2135 Niniue,
1204 2061 1335 2124 ciuitate
1362 2059 1489 2145 grandi.
1532 2058 1570 2121 ln
1592 2056 1736 2121 Baldaco
1763 2077 1840 2120 vero

169 2288 291 2351 rimum
312 2287 417 2352 locum
438 2313 498 2376 pro
518 2291 598 2375 ipsis
619 2293 726 2374 fatuiS,
749 2301 780 2355 et
802 2290 991 2376 prouidctur
1014 2293 1061 2355 eis
1084 2294 1205 2377 optime
1229 2293 1262 2355 in
1285 2291 1445 2356 communi
1467 2289 1507 2352 de
1530 2288 1601 2353 cibo
1626 2300 1657 2351 et
1678 2288 1841 2351 seruitori·

169 2401 230 2467 bus
254 2413 286 2468 et
307 2415 465 2490 oportuno
487 2406 623 2486 medico,
645 2406 761 2492 quibus
784 2406 919 2471 solvitur
940 2430 960 2471 a
982 2376 1154 2472 communi

323 2636 447 2700 XXVI.
488 2637 552 2701 DE
573 2637 862 2703 REUERENCIA
885 2638 1246 2705 SARRACENORUM
1261 2639 1315 2711 188)
1337 2637 1400 2701 ΑΒ
1423 2635 1580 2700 NOMEN
1602 2635 1692 2701 DEI.

293 2785 525 2850 Reuerenciam
556 2810 633 2852 vero
667 2790 843 2851 maximam
879 2789 999 2853 habent
1027 2788 1200 2854 Sarraceni
1231 2788 1274 2852 ad
1307 2810 1423 2852 nomen
1450 2785 1514 2849 Dei
1548 2795 1579 2849 ct
1605 2785 1783 2871 prophetas
1809 2794 1870 2850 etl

171 2912 300 2966 sanctes
323 2911 355 2965 et
375 2900 447 2966 loca
468 2912 589 2966 sancta.
632 2903 716 2966 Nam
734 2907 876 2968 maximo
898 2904 1092 2988 obseruant,
1120 2905 1206 2992 quod
1228 2904 1327 2969 nichil
1348 2902 1491 2967 notabile
1513 2903 1635 2966 faciunt
1656 2901 1708 2965 rel
1729 2901 1873 2965 dicunt2

170 3017 221 3084 vel
244 3018 398 3099 scribunt,
421 3018 507 3103 <quod
527 3042 593 3083 non
614 3021 773 3105 incipiunt
793 3043 813 3084 a
836 3023 964 3085 nomine
987 3021 1128 3086 Domini.
1171 3020 1265 3085 Vnde
1287 3023 1329 3084 ins
1343 3021 1409 3084 suis
1431 3019 1547 3083 litteris
1570 3017 1736 3099 omnibus,
1759 3039 1839 3101 quas
1857 3028 1872 3079 3

170 3133 233 3199 sibi
254 3135 392 3198 inuicem
413 3136 563 3216 mittunt,
585 3145 771 3200 reuerenter
792 3158 909 3200 nemen
928 3137 995 3201 Dei
1016 3137 1162 3201 scribunt
1182 3140 1289 3223 prius,
1313 3146 1344 3200 et
1365 3135 1437 3199 ideo
1461 3134 1632 3219 diligenter
1654 3133 1839 3216 obseruant,

170 3248 256 3336 quod
282 3248 403 3313 nullum
433 3252 590 3336 scriptum
618 3251 774 3315 dilanient
801 3252 854 3316 vel
884 3253 918 3316 in
949 3265 1070 3316 terram
1098 3254 1269 3340 proiciant.
1313 3253 1349 3318 Si
1379 3262 1486 3315 autem
1507 3253 1540 3315 in
1564 3260 1652 3315 terra
1671 3251 1872 3319 inueniuntt

169 3366 292 3452 aliquid
313 3365 353 3429 de
376 3377 466 3429 carta
489 3368 664 3453 scriptum,
688 3378 873 3432 rouerenter
895 3367 1048 3452 colligunt
1071 3380 1102 3433 et
1122 3381 1246 3456 ponunt
1267 3373 1301 3434 in
1322 3370 1391 3435 loco
1415 3367 1479 3432 alto
1502 3369 1536 3431 in
1558 3367 1682 3431 fissuris
1696 3367 1751 3442 189)
1771 3389 1838 3430 mu-

167 3505 293 3563 rorum,
320 3503 361 3545 ne
388 3504 505 3546 nomen
526 3482 661 3547 Domini
692 3482 904 3548 conculcetur.
949 3485 1088 3564 Quando
1118 3500 1224 3551 autem
1252 3509 1369 3552 nomen
1391 3486 1526 3550 Domini
1549 3485 1689 3549 occurrit
1720 3485 1767 3547 eis
1786 3482 1872 3554 vels

167 3596 304 3683 legendo
325 3596 377 3661 vel
395 3596 565 3684 loquendo,
586 3622 760 3685 numquam
781 3610 866 3665 esset
886 3622 985 3664 ausus
999 3602 1055 3678 190)
1075 3603 1182 3687 ipsum
1203 3605 1372 3667 nominare
1395 3600 1513 3682 solum,
1536 3599 1594 3664 scd
1616 3622 1744 3686 semper
1766 3621 1839 3664 cum

167 3724 257 3778 certa
278 3710 387 3795 laude,
416 3713 539 3778 scilicet
560 3714 673 3796 „Deus
695 3714 844 3779 laudetur
866 3716 985 3802 ipsel“
1014 3716 1067 3781 vel
1096 3717 1219 3805 aliquid
1240 3718 1312 3782 tale.
1357 3717 1391 3782 Si
1414 3717 1486 3802 quis
1509 3726 1617 3780 autem
1639 3715 1873 3790 Sarracenuss

166 3829 275 3894 Deum
303 3826 355 3892 vel
384 3828 523 3916 aliquem
554 3829 594 3894 de
620 3830 788 3917 prophetis
817 3832 886 3895 cius
917 3831 1177 3918 blasphemaret,
1204 3855 1379 3919 numquam
1408 3856 1480 3897 eum
1509 3835 1620 3897 viuere
1642 3840 1839 3919 paterentur.

166 3946 258 4011 Loca
283 3967 362 4009 vere
390 3958 517 4027 sancta,
546 3945 635 4011 velut
656 3969 765 4011 eorum
791 3946 963 4030 ecclesias,
991 3971 1118 4035 semper
1149 3949 1362 4014 mundissima
1386 3961 1534 4025 seruant,
1564 3972 1625 4012 nec
1648 3948 1696 4013 ibi
1716 3949 1872 4014 intranti

167 4063 230 4127 nisi
259 4060 397 4147 pedibus
428 4060 640 4144 discalciatis,
672 4085 732 4126 nec
761 4086 914 4150 vmquam
935 4063 981 4128 ibi
1003 4076 1138 4151 spuunt,
1166 4088 1225 4130 nec
1248 4089 1320 4130 cum
1342 4064 1389 4130 ibi
1411 4065 1523 4130 sedent
1545 4088 1616 4130 cum
1639 4064 1769 4130 natibus
1784 4066 1839 4141 ¹⁹¹)

168 4199 266 4264 super
298 4174 459 4241 calcaneis
487 4179 567 4258 suis,
599 4188 630 4241 et
658 4181 704 4242 ita
724 4180 943 4244 assuefaciunt
965 4183 1077 4246 sedero
1099 4182 1252 4269 paruulos
1276 4205 1365 4264 suos,
1397 4205 1438 4246 ne
1460 4192 1575 4268 postea
1594 4183 1772 4268 fatigentur
1793 4181 1840 4244 sic

166 4292 301 4358 multum
324 4291 436 4356 sedere
457 4294 491 4356 in
512 4293 656 4358 ecelesia.

393 4492 530 4557 XXVII.
574 4493 637 4556 DE
661 4492 923 4558 GRAUITATE
948 4493 1311 4560 SARRACENORUM
1333 4496 1379 4560 IN
1399 4496 1607 4562 MORIBUS.

291 4642 399 4706 Tanta
426 4652 474 4705 est
500 4644 547 4706 eis
570 4645 715 4728 grauitas
738 4645 770 4708 in
794 4643 955 4727 moribus,
987 4644 1074 4731 quod
1100 4668 1275 4730 numquam
1296 4644 1422 4709 videbis
1445 4645 1606 4710 hominem
1630 4653 1868 4709 sarracenumt

164 4758 366 4824 incedentem
394 4762 499 4843 capite
528 4758 653 4823 eleuato
682 4759 733 4824 vel
761 4759 952 4825 sublimibus
984 4759 1102 4842 oculis,
1133 4760 1184 4824 vel
1211 4761 1293 4826 collo
1316 4772 1422 4826 erecto
1445 4761 1497 4826 vol
1520 4771 1651 4848 pectore
1673 4774 1763 4826 tenso
1785 4759 1837 4825 vel

164 4874 351 4960 nauigando
374 4874 525 4956 brachiis,
550 4875 606 4938 sed
629 4878 756 4941 incessu
778 4890 914 4958 maturo,
939 4877 1021 4941 sieut
1044 4877 1178 4962 perfecti
1200 4877 1344 4963 religiosi
1366 4889 1397 4941 et
1418 4899 1536 4963 graues
1557 4877 1712 4958 moribus,
1735 4879 1838 4942 eciam

164 4993 257 5078 pueri
280 4992 382 5078 parui.
425 4990 463 5053 ln
486 4990 632 5074 pluribus
655 4995 765 5070 annis,
793 4992 909 5079 quibus
933 4995 1073 5056 cumeis
1096 5005 1304 5058 conuersatus
1329 5017 1399 5057 sum
1421 4994 1455 5055 in
1476 4992 1611 5057 Perside
1632 5003 1663 5057 et
1684 4992 1870 5069 Baldace,2

163 5129 229 5173 non
255 5106 362 5172 recolo
391 5129 442 5180 mc
474 5105 604 5171 audisse
626 5108 723 5172 semel
745 5120 873 5172 cantum
894 5109 1067 5190 vanitatis,
1095 5109 1152 5172 sed
1176 5132 1304 5197 semper
1326 5119 1456 5173 cantum
1477 5109 1516 5173 de
1540 5108 1636 5173 laude
1657 5110 1721 5174 Dei
1744 5120 1775 5174 et
1797 5109 1836 5174 de

226 5312 298 5382 187)
325 5318 446 5369 certum.
493 5308 633 5367 Fortasse
667 5308 824 5387 legendum
858 5319 903 5369 est
935 5329 979 5368 eo·
1085 5316 1154 5384 190)
1168 5312 1276 5390 ,αιιευιῆ
1299 5322 1397 5371 essent
1417 5313 1489 5384 ausi,
1511 5311 1661 5372 auderent.

161 5409 283 5486 quitum.
1086 5413 1154 5482 181)
1176 5410 1241 5469 Nec
1263 5430 1327 5468 cum
1349 5411 1389 5469 ibi
1408 5410 1528 5485 sedent,
1553 5431 1712 5491 numquam
1734 5412 1839 5474 sedent

229 5512 298 5582 188)
320 5508 501 5567 sarracena
523 5505 558 5566 G.
1021 5509 1076 5567 nisi
1097 5528 1163 5567 cum
1185 5508 1301 5569 natibus
1316 5517 1346 5569 et
1365 5530 1391 5589 q.
1415 5530 1439 5570 s.

230 5610 298 5672 189)
318 5606 425 5677 ficareris
447 5605 482 5666 G.
