4214 6096
861 656 1076 720 ..57-

333 852 485 919 Principem
513 849 616 904 codicis
645 847 791 903 editionem
820 864 890 901 aaao
921 847 988 902 1851
1018 847 1121 902 curarit
1145 846 1178 900 V.
1205 845 1247 899 lll.
1274 843 1366 901 Julius
1392 847 1464 899 baro
1490 846 1521 898 de
1549 844 1749 899 Saum-Gema

190 962 317 1011 Actorum
336 959 496 1012 Academiae
516 960 607 1025 regiae
622 958 751 1024 Belgicae
771 959 797 1010 iu
817 965 892 1010 tomo
903 957 986 1011 XXV.
1024 959 1064 1010 De
1077 954 1234 1010 burchardo
1253 962 1351 1020 autem,
1370 971 1448 1022 quem
1467 955 1566 1008 ibidem
1586 971 1616 1009 se
1634 959 1748 1023 primum

191 1068 310 1121 edidisse
329 1084 377 1135 per
396 1083 514 1121 errorem
535 1069 648 1135 putarit,
668 1065 728 1117 vide
746 1073 836 1118 notam
856 1073 977 1118 nostram
995 1065 1046 1118 XX
1065 1082 1125 1132 pag.
1144 1064 1170 1117 2.

334 1175 430 1227 Codici
454 1176 543 1243 patrio
570 1173 716 1227 editionem
735 1181 855 1227 nostram
879 1176 957 1241 quasi
981 1174 1152 1227 laudamento
1172 1175 1411 1242 superstruximue,
1435 1174 1509 1226 illum
1534 1191 1586 1227 non
1611 1175 1698 1227 solum
1723 1174 1748 1225 in

191 1288 324 1355 capitibus
345 1284 553 1352 distinguendis,
580 1284 626 1337 sed
654 1287 734 1338 etiam
755 1287 781 1338 in
801 1281 995 1352 orthographia
1015 1282 1220 1350 constituenda,
1248 1281 1336 1351 quoad
1356 1284 1413 1335 eius
1432 1283 1489 1335 lieri
1510 1284 1611 1351 potuit,
1636 1282 1750 1350 sequuti.

582 1483 628 1550 2.
672 1480 832 1551 codex
854 1476 1240 1552 seonalemanus.
1282 1481 1361 1567 (St.)

334 1648 363 1700 In
384 1648 518 1700 volumine
548 1647 613 1699 solie
631 1644 684 1699 209
710 1647 806 1715 partim
831 1642 989 1712 chartacea,
1020 1648 1118 1715 partim
1146 1647 1351 1700 membranacea
1378 1646 1532 1698 continente
1556 1659 1572 1697 a
1593 1643 1659 1697 lolio
1678 1640 1752 1695 LXX

191 1771 275 1823 usque
304 1755 338 1807 ad
368 1755 452 1808 cxlv
481 1756 581 1822 legitur
609 1755 789 1822 peregrinatio
819 1755 985 1820 Thietmari,
1021 1755 1110 1808 medio
1138 1757 1231 1809 seculo
1259 1755 1308 1808 XV
1335 1757 1362 1807 in
1391 1752 1485 1807 charta
1513 1754 1657 1821 scriptoria
1685 1753 1752 1805 satis

192 1864 308 1917 dilucide
329 1872 454 1931 exarata,
482 1865 569 1915 rubris
596 1872 624 1915 et
649 1864 866 1930 inscriptionibus
894 1872 922 1916 et
947 1865 1033 1918 literis
1053 1865 1201 1917 initialibus
1228 1872 1337 1930 ornata,
1363 1880 1379 1916 a
1404 1878 1483 1916 mauu
1502 1862 1684 1931 possessoris,
1709 1860 1752 1927 qui

193 1982 273 2025 antea
294 1980 361 2042 erat,
387 1974 419 2024 F.
438 1975 469 2025 A.
489 1972 623 2025 Stenzleri
643 1973 675 2023 V.
695 1973 747 2039 Cl,
774 1974 829 2025 suis
849 1975 965 2025 numeris
984 1979 1084 2027 notata.
1121 1972 1222 2026 Forma
1247 1974 1309 2026 iibri
1327 1980 1369 2026 est
1388 1973 1527 2026 octonaria
1546 1971 1643 2036 minor,
1669 1984 1754 2037 paene

192 2081 330 2149 quadrata.
369 2082 440 2134 Folii
466 2082 543 2148 primi
571 2082 661 2166 priore
685 2080 711 2133 iu
738 2083 837 2149 pagiua
863 2084 992 2150 scriptum
1016 2091 1073 2137 ests
1102 2081 1187 2145 Nota,
1215 2082 1284 2153 quod
1305 2081 1384 2134 istum
1407 2076 1522 2133 libellum
1545 2079 1664 2131 mereant
1689 2076 1755 2129 milri

192 2191 309 2242 dominns
328 2188 458 2241 Hinricus
477 2187 556 2248 Mon,
573 2187 710 2241 monacham
728 2192 757 2241 a'n
777 2188 872 2241 Hilda.
891 2219 926 2227 -
1342 2172 1345 2184 ¹

335 2298 427 2350 ¹tlteru
446 2295 568 2349 eiusdem
586 2298 645 2349 lolii
664 2298 764 2366 pagina
784 2298 902 2351 continet
921 2295 989 2352 haec
1008 2299 1103 2353 verbe:
1124 2296 1574 2368 libellusfrctrisflinmoilllon,
1591 2293 1755 2348 monachicis

198 2404 297 2478 Hylaia,
316 2405 389 2469 milri,
399 2404 492 2474 fratri
509 2402 636 2469 dotatae,
654 2422 782 2459 concertare
794 2424 844 2477 per
861 2408 970 2460 eundem
988 2425 1056 2461 anno
1075 2407 1185 2461 Domini
1203 2402 1314 2472 1369·,
1333 2416 1445 2478 tempore
1459 2405 1627 2467 visitacionis,
1640 2401 1757 2476 profesto

193 2515 262 2568 hentt'
291 2513 403 2568 Roherti
428 2513 537 2566 uhhcte‘s.
554 2514 584 2583 ⁸)
630 2513 718 2579 Nora,
746 2517 815 2585 quud
840 2517 919 2570 irtnm
947 2515 1061 2571 libellum
1087 2517 1185 2570 domini
1213 2515 1325 2570 Hinrr'ct'
1347 2514 1431 2580 Man,
1458 2512 1577 2568 monaehi
1602 2515 1632 2566 n‘n
1661 2509 1757 2571 Hibe.
1793 2524 1808 2544 ‘

192 2625 296 2678 remitto
323 2641 372 2695 per
404 2623 536 2676 dominnm
569 2621 695 2684 Elernm,
731 2624 822 2688 michi,
846 2624 940 2694 fratri
973 2624 1091 2679 Johannt‘
1120 2624 1277 2678 Michuhdt'r
1290 2625 1348 2694 Vl),
1379 2641 1534 2689 amomum,
1567 2619 1755 2688 amandu-⁸)

192 2750 260 2784 uerno
278 2731 388 2784 Domini
407 2729 744 2796 M000⁰Lx0VlHI⁰‚
763 2728 819 2804 iheu
839 2733 962 2787 Tiburct‘r'
980 2745 1005 2788 et
1025 2733 1203 2788 Volceientes
1222 2732 1438 2804 Mennim),
1456 2733 1598 2786 martirum
1616 2729 1757 2783 heutorntnt.

192 2841 297 2907 Pagina
322 2842 408 2907 prima
426 2841 569 2893 voluminis
594 2842 678 2895 totius
703 2843 812 2909 incipite
842 2840 935 2896 Scribo
954 2813 1063 2915 ¹dispono
1085 2861 1237 2914 memorque.
1274 2844 1353 2896 Folio
1371 2843 1399 2896 11
1422 2843 1535 2909 legitur:
1563 2838 1639 2893 Sicut
1657 2812 1758 2909 Monere.

193 2949 273 3001 Folio
291 2949 406 3001 XXXVr
434 2949 559 3016 Epistola
586 2949 687 3002 domiui
711 2951 850 3004 Franciscl
870 2950 1018 3006 Petrarchs
1042 2951 1076 3004 ad
1102 2951 1240 3004 dominum
1263 2949 1414 3005 iohannem
1440 2950 1625 3004 Florentinum
1650 2953 1758 3013 poetam

194 3057 227 3110 de
248 3056 363 3111 historia
383 3057 525 3111 Griseldie.
563 3060 651 3113 Quam
670 3060 811 3127 epistolam
836 3063 936 3129 excipit
953 3062 1017 3114 Vita
1036 3062 1146 3115 Veloaie
1167 3062 1302 3129 episcopi,
1331 3075 1448 3128 pergens
1465 3074 1551 3125 usque
1575 3055 1610 3110 ed
1634 3055 1682 3107 iol.
1700 3052 1758 3106 LX.

340 3169 419 3221 Folio
439 3168 500 3220 LXI
520 3159 641 3234 scqiritur
659 3167 774 3222 historia
792 3168 893 3221 domini
913 3167 1056 3222 Methodii.
1092 3171 1172 3223 Folio
1190 3169 1265 3222 LXX
1283 3170 1380 3236 incipit
1395 3167 1578 3235 peregrinatio
1597 3160 1759 3217 Thietmari.

196 3274 277 3330 Folio
298 3278 383 3330 CXIV
402 3277 506 3330 initium
526 3278 600 3345 capit
618 3278 686 3330 liber
705 3277 738 3331 de
756 3280 890 3346 peruersis
909 3264 1063 3331 hominibus
1082 3278 1117 3331 ad
1137 3286 1237 3332 terrem
1255 3285 1377 3332 sanctam
1395 3275 1613 3343 confugientibus
1633 3273 1760 3339 (auctore

195 3385 300 3439 ,Iacobo
329 3385 363 3439 de
382 3386 527 3453 Vitrisco).
562 3387 643 3439 Folio
663 3387 748 3439 CXVI
773 3387 880 3440 orditur
903 3387 1045 3459 descripeio
1070 3395 1140 3440 terre
1162 3387 1304 3442 orientalis.
1343 3389 1468 3455 Sequitur
1492 3384 1619 3438 tractatio
1643 3381 1760 3434 infancie

197 3495 359 3549 Saluatoria.
404 3496 538 3562 Denique:
565 3496 741 3549 Exurclsurue
766 3499 839 3550 eatis.
881 3499 952 3550 Folii
980 3498 1091 3551 ccvnl
1116 3500 1214 3567 pagina
1238 3499 1325 3553 altera
1349 3494 1431 3551 hebet
1455 3496 1551 3550 verba:
1580 3493 1652 3558 Nos,
1666 3489 1761 3560 frater·

196 3602 336 3669 Johannes,
354 3601 434 3655 abhus
454 3603 585 3657 Cisterrt'r'.
623 3605 653 3658 ln
671 3607 724 3659 fine
742 3607 885 3660 voluminis
904 3608 1017 3674 legiturs
1039 3608 1119 3661 Auno
1137 3609 1178 3662 die
1194 3625 1280 3662 menae
1291 3606 1427 3680 predictis.

339 3715 459 3780 Apparet
484 3715 582 3780 igitur,
611 3716 722 3782 primam
755 3714 833 3769 huius
859 3716 999 3770 voluminis
1032 3720 1252 3786 acriptiuuculem
1282 3734 1352 3771 auno
1378 3714 1448 3785 1369
1472 3710 1597 3769 monachi
1621 3707 1759 3764 cuiusdam

197 3818 338 3874 Hildeneia
357 3822 383 3873 ln
404 3821 482 3873 bouis
502 3823 592 3875 luisse.
631 3824 713 3876 Hilds
732 3831 819 3878 autem
839 3833 883 3878 est
900 3825 1004 3878 Eldena
1023 3843 1107 3894 prope
1126 3825 1367 3895 Gryphiaualdiam
1384 3825 1446 3877 site.

342 3930 437 3984 codici
454 3932 639 3986 Steuzleriano
659 3949 755 3986 nomen
774 3933 906 3999 dedimus,
926 3936 987 4002 quia
1007 3937 1071 3988 olim
1090 3942 1149 3989 eret
1164 3937 1298 4003 Magistro
1309 3934 1462 4000 Stenalero,
1481 3928 1609 3986 Perocho
1627 3929 1760 3984 (iaraiauo

197 4037 330 4106 Rugenei,
357 4041 433 4093 cuiue
460 4041 635 4094 lectissimam
662 4040 851 4096 bibliothecam
876 4043 968 4096 laudat
986 4044 1118 4098 Ernestus
1138 4046 1284 4098 Mauritius
1303 4043 1429 4097 Arndtius
1453 4043 1480 4094 iu
1499 4042 1553 4094 rita
1578 4056 1627 4093 sua
1645 4054 1706 4107 pag.
1727 4035 1759 4090 tl

198 4155 226 4199 et
250 4146 293 4199 ut.
335 4149 376 4201 Ab
405 4149 452 4227 illo
478 4151 551 4202 verbi
576 4149 656 4202 diripi
682 4152 806 4204 ministro
833 4149 984 4207 hereditate
1010 4155 1116 4222 accepit
1140 4169 1234 4222 napos,
1260 4152 1415 4208 Fridericus
1435 4153 1572 4220 Augustus
1591 4149 1760 4212 Stenzlerue,

197 4251 342 4308 Professor
362 4257 597 4323 Vretislariensis,
621 4261 665 4327 qui
690 4275 749 4313 eum
768 4275 818 4327 pro
837 4262 982 4329 singulari,
1009 4278 1060 4329 qua
1084 4268 1140 4328 est,
1167 4260 1349 4328 humanitate,
1372 4259 1438 4315 mihl
1458 4260 1587 4315 utendum
1613 4258 1760 4322 concessit,

199 4370 297 4428 postea
317 4381 387 4417 anno
415 4365 483 4420 1853
510 4366 694 4422 bibliothecae
720 4371 812 4437 regiae
836 4371 1008 4425 Berolinensi
1034 4371 1159 4438 donarit,
1185 4379 1216 4425 ut
1239 4371 1292 4426 duo
1316 4388 1386 4425 nunc
1410 4370 1559 4424 Thietmari
1578 4366 1688 4422 codices
1708 4365 1760 4417 Be-

198 4472 277 4525 rolini
297 4480 477 4527 asserventur.

341 4584 400 4635 Nec
428 4585 696 4652 praetermittendum
724 4594 782 4656 est,
813 4587 935 4644 codicem
963 4589 1179 4644 Stenalerienum
1209 4591 1319 4646 criticae
1350 4588 1456 4645 ratione
1483 4583 1576 4641 habite
1605 4580 1761 4652 gravissimi

199 4707 261 4746 esse
278 4692 415 4746 momenti.

306 4980 332 5043 ⁴)
348 4983 371 5032 d.
387 4984 433 5033 xx
447 4997 478 5033 m.
493 4985 565 5035 Mart.
585 5006 612 5021 -
632 4987 670 5044 ”t
688 4983 803 5037 lobannis
819 4981 944 5039 Michaelis
968 4990 1008 5040 est
1028 4999 1117 5040 nonen
1139 4989 1258 5042 monachi.
1280 5011 1307 5026 ο-
1328 4987 1381 5049 ···)
1395 4980 1552 5051 legendum:
1576 4972 1718 5037 chermela.
1731 5004 1759 5023 ·-

201 5073 269 5132 ····)
285 5074 308 5122 u.
325 5073 380 5124 xrv
396 5089 427 5124 a.
441 5075 539 5139 epuns.
567 5076 679 5127 aetram
692 5079 768 5140 agrem
782 5079 835 5128 rra
849 5079 925 5129 xxv.
1699 5064 1721 5089 '·
