<?xml version="1.0" encoding="UTF-8"?>
<!DOCTYPE html PUBLIC "-//W3C//DTD XHTML 1.0 Transitional//EN"
    "http://www.w3.org/TR/xhtml1/DTD/xhtml1-transitional.dtd">
<html xmlns="http://www.w3.org/1999/xhtml" xml:lang="en" lang="en">
 <head>
  <title>
</title>
<meta http-equiv="Content-Type" content="text/html;charset=utf-8" />
  <meta name='ocr-system' content='tesseract 3.04.00' />
  <meta name='ocr-capabilities' content='ocr_page ocr_carea ocr_par ocr_line ocrx_word'/>
</head>
<body>
  <div class='ocr_page' id='page_1' title='image "./peregrinatoresm00peregoog_0082.png"; bbox 0 0 4214 6096; ppageno 0'>
   <div class='ocr_carea' id='block_1_1' title="bbox 1005 327 1045 390">
    <p class='ocr_par' dir='ltr' id='par_1_1' title="bbox 1005 327 1045 390">
     <span class='ocr_line' id='line_1_1' title="bbox 1005 327 1045 390; baseline -0.075 0"><span class='ocrx_word' id='word_1_1' title='bbox 1005 327 1045 390; x_wconf 86' lang='grc'><strong>60</strong></span> 
     </span>
    </p>
   </div>
   <div class='ocr_carea' id='block_1_2' title="bbox 191 505 1867 1497">
    <p class='ocr_par' dir='ltr' id='par_1_2' title="bbox 191 505 1866 942">
     <span class='ocr_line' id='line_1_2' title="bbox 194 505 1865 594; baseline 0.002 -22"><span class='ocrx_word' id='word_1_2' title='bbox 194 507 385 594; x_wconf 89' lang='lat' dir='ltr'><strong>capillorum</strong></span> <span class='ocrx_word' id='word_1_3' title='bbox 407 507 484 570; x_wconf 90' lang='lat' dir='ltr'><strong>eius.</strong></span> <span class='ocrx_word' id='word_1_4' title='bbox 518 505 623 586; x_wconf 77' lang='lat' dir='ltr'><strong>Quam</strong></span> <span class='ocrx_word' id='word_1_5' title='bbox 645 508 890 594; x_wconf 80' lang='lat' dir='ltr'><strong>impressionem</strong></span> <span class='ocrx_word' id='word_1_6' title='bbox 912 505 1030 570; x_wconf 87' lang='lat' dir='ltr'><strong>dicitur</strong></span> <span class='ocrx_word' id='word_1_7' title='bbox 1051 505 1166 570; x_wconf 84' lang='lat' dir='ltr'><strong>secisse</strong></span> <span class='ocrx_word' id='word_1_8' title='bbox 1188 528 1300 592; x_wconf 84' lang='lat' dir='ltr'>rupem</span> <span class='ocrx_word' id='word_1_9' title='bbox 1323 506 1606 593; x_wconf 89' lang='lat' dir='ltr'><strong>apprehendendo,</strong></span> <span class='ocrx_word' id='word_1_10' title='bbox 1628 531 1700 573; x_wconf 88' lang='lat' dir='ltr'><strong>cunr</strong></span> <span class='ocrx_word' id='word_1_11' title='bbox 1720 533 1740 574; x_wconf 89' lang='lat' dir='ltr'><strong>a</strong></span> <span class='ocrx_word' id='word_1_12' title='bbox 1760 510 1865 576; x_wconf 90' lang='lat' dir='ltr'><strong>turbis</strong></span> 
     </span>
     <span class='ocr_line' id='line_1_3' title="bbox 192 620 1866 711; baseline 0.001 -24"><span class='ocrx_word' id='word_1_13' title='bbox 192 632 365 687; x_wconf 85' lang='lat' dir='ltr'><strong>teneretur.</strong></span> <span class='ocrx_word' id='word_1_14' title='bbox 409 621 453 686; x_wconf 90' lang='lat' dir='ltr'><strong>Et</strong></span> <span class='ocrx_word' id='word_1_15' title='bbox 474 633 567 703; x_wconf 91' lang='lat' dir='ltr'><strong>nota,</strong></span> <span class='ocrx_word' id='word_1_16' title='bbox 600 621 685 708; x_wconf 90' lang='lat' dir='ltr'><strong>quod</strong></span> <span class='ocrx_word' id='word_1_17' title='bbox 708 621 748 685; x_wconf 88' lang='lat' dir='ltr'><strong>de</strong></span> <span class='ocrx_word' id='word_1_18' title='bbox 769 623 842 707; x_wconf 90' lang='lat' dir='ltr'><strong>ipso</strong></span> <span class='ocrx_word' id='word_1_19' title='bbox 865 620 974 708; x_wconf 88' lang='lat' dir='ltr'><strong>lapide</strong></span> <span class='ocrx_word' id='word_1_20' title='bbox 994 643 1055 685; x_wconf 91' lang='lat' dir='ltr'><strong>nec</strong></span> <span class='ocrx_word' id='word_1_21' title='bbox 1076 620 1198 707; x_wconf 92' lang='lat' dir='ltr'><strong>puluis,</strong></span> <span class='ocrx_word' id='word_1_22' title='bbox 1221 632 1256 685; x_wconf 89' lang='lat' dir='ltr'><strong>ut</strong></span> <span class='ocrx_word' id='word_1_23' title='bbox 1276 622 1323 686; x_wconf 88' lang='lat' dir='ltr'><strong>ita</strong></span> <span class='ocrx_word' id='word_1_24' title='bbox 1346 622 1469 704; x_wconf 87' lang='lat' dir='ltr'><strong>dicam,</strong></span> <span class='ocrx_word' id='word_1_25' title='bbox 1498 623 1618 710; x_wconf 82' lang='lat' dir='ltr'>deponi</span> <span class='ocrx_word' id='word_1_26' title='bbox 1638 634 1763 711; x_wconf 89' lang='lat' dir='ltr'><strong>potest,</strong></span> <span class='ocrx_word' id='word_1_27' title='bbox 1793 648 1866 691; x_wconf 92' lang='lat' dir='ltr'><strong>cum</strong></span> 
     </span>
     <span class='ocr_line' id='line_1_4' title="bbox 191 736 1864 827; baseline 0.002 -24"><span class='ocrx_word' id='word_1_28' title='bbox 191 748 301 803; x_wconf 87' lang='lat' dir='ltr'><strong>tamen</strong></span> <span class='ocrx_word' id='word_1_29' title='bbox 321 739 457 804; x_wconf 91' lang='lat' dir='ltr'><strong>multum</strong></span> <span class='ocrx_word' id='word_1_30' title='bbox 480 737 698 803; x_wconf 89' lang='lat' dir='ltr'><strong>laborauerim</strong></span> <span class='ocrx_word' id='word_1_31' title='bbox 720 738 833 800; x_wconf 86' lang='lat' dir='ltr'><strong>ferreis</strong></span> <span class='ocrx_word' id='word_1_32' title='bbox 853 737 1091 818; x_wconf 81' lang='lat' dir='ltr'><strong>instrumentis,</strong></span> <span class='ocrx_word' id='word_1_33' title='bbox 1118 748 1153 800; x_wconf 92' lang='lat' dir='ltr'><strong>ut</strong></span> <span class='ocrx_word' id='word_1_34' title='bbox 1174 736 1249 801; x_wconf 89' lang='lat' dir='ltr'><strong>inde</strong></span> <span class='ocrx_word' id='word_1_35' title='bbox 1271 760 1396 803; x_wconf 88' lang='lat' dir='ltr'><strong>mecum</strong></span> <span class='ocrx_word' id='word_1_36' title='bbox 1418 737 1540 825; x_wconf 89' lang='lat' dir='ltr'><strong>aliquid</strong></span> <span class='ocrx_word' id='word_1_37' title='bbox 1561 750 1738 827; x_wconf 89' lang='lat' dir='ltr'><strong>portarem,</strong></span> <span class='ocrx_word' id='word_1_38' title='bbox 1765 751 1797 805; x_wconf 89' lang='lat' dir='ltr'><strong>et</strong></span> <span class='ocrx_word' id='word_1_39' title='bbox 1817 752 1864 806; x_wconf 89' lang='lat' dir='ltr'><strong>ta·</strong></span> 
     </span>
     <span class='ocr_line' id='line_1_5' title="bbox 191 851 1713 942; baseline 0.002 -25"><span class='ocrx_word' id='word_1_40' title='bbox 191 876 266 918; x_wconf 89' lang='lat' dir='ltr'><strong>men</strong></span> <span class='ocrx_word' id='word_1_41' title='bbox 289 854 383 940; x_wconf 82' lang='lat' dir='ltr'>plene</span> <span class='ocrx_word' id='word_1_42' title='bbox 404 854 555 919; x_wconf 88' lang='lat' dir='ltr'><strong>uidentur</strong></span> <span class='ocrx_word' id='word_1_43' title='bbox 576 856 609 917; x_wconf 91' lang='lat' dir='ltr'><strong>in</strong></span> <span class='ocrx_word' id='word_1_44' title='bbox 631 876 668 918; x_wconf 88' lang='lat' dir='ltr'><strong>eo</strong></span> <span class='ocrx_word' id='word_1_45' title='bbox 690 853 919 937; x_wconf 82' lang='lat' dir='ltr'>impressiones</span> <span class='ocrx_word' id='word_1_46' title='bbox 941 851 1096 937; x_wconf 83' lang='lat' dir='ltr'><strong>predicte,</strong></span> <span class='ocrx_word' id='word_1_47' title='bbox 1119 875 1156 916; x_wconf 90' lang='lat' dir='ltr'><strong>ac</strong></span> <span class='ocrx_word' id='word_1_48' title='bbox 1179 854 1206 917; x_wconf 90' lang='lat' dir='ltr'><strong>si</strong></span> <span class='ocrx_word' id='word_1_49' title='bbox 1229 851 1269 917; x_wconf 91' lang='lat' dir='ltr'><strong>de</strong></span> <span class='ocrx_word' id='word_1_50' title='bbox 1291 864 1386 940; x_wconf 91' lang='lat' dir='ltr'><strong>pasta</strong></span> <span class='ocrx_word' id='word_1_51' title='bbox 1408 866 1492 919; x_wconf 89' lang='lat' dir='ltr'><strong>esset</strong></span> <span class='ocrx_word' id='word_1_52' title='bbox 1514 878 1611 941; x_wconf 88' lang='lat' dir='ltr'><strong>rupes</strong></span> <span class='ocrx_word' id='word_1_53' title='bbox 1633 858 1713 942; x_wconf 91' lang='lat' dir='ltr'><strong>ipsa.</strong></span> 
     </span>
    </p>

    <p class='ocr_par' dir='ltr' id='par_1_3' title="bbox 192 966 1866 1287">
     <span class='ocr_line' id='line_1_6' title="bbox 315 966 1864 1055; baseline 0.002 -21"><span class='ocrx_word' id='word_1_54' title='bbox 315 969 368 1034; x_wconf 89' lang='lat' dir='ltr'><strong>De</strong></span> <span class='ocrx_word' id='word_1_55' title='bbox 392 969 600 1035; x_wconf 85' lang='lat' dir='ltr'><strong>Gethsemani</strong></span> <span class='ocrx_word' id='word_1_56' title='bbox 624 979 777 1055; x_wconf 89' lang='lat' dir='ltr'><strong>quantum</strong></span> <span class='ocrx_word' id='word_1_57' title='bbox 798 969 902 1032; x_wconf 88' lang='lat' dir='ltr'><strong>iactus</strong></span> <span class='ocrx_word' id='word_1_58' title='bbox 925 979 973 1032; x_wconf 92' lang='lat' dir='ltr'><strong>est</strong></span> <span class='ocrx_word' id='word_1_59' title='bbox 993 966 1114 1054; x_wconf 89' lang='lat' dir='ltr'><strong>lapidis</strong></span> <span class='ocrx_word' id='word_1_60' title='bbox 1136 980 1249 1034; x_wconf 88' lang='lat' dir='ltr'><strong>contra</strong></span> <span class='ocrx_word' id='word_1_61' title='bbox 1272 981 1416 1034; x_wconf 83' lang='lat' dir='ltr'>austrum</span> <span class='ocrx_word' id='word_1_62' title='bbox 1445 982 1494 1035; x_wconf 89' lang='lat' dir='ltr'><strong>est</strong></span> <span class='ocrx_word' id='word_1_63' title='bbox 1515 970 1622 1053; x_wconf 87' lang='lat' dir='ltr'><strong>locus,</strong></span> <span class='ocrx_word' id='word_1_64' title='bbox 1657 971 1712 1035; x_wconf 93' lang='lat' dir='ltr'><strong>ubi</strong></span> <span class='ocrx_word' id='word_1_65' title='bbox 1735 971 1864 1037; x_wconf 91' lang='lat' dir='ltr'><strong>auulsus</strong></span> 
     </span>
     <span class='ocr_line' id='line_1_7' title="bbox 193 1084 1866 1167; baseline 0.002 -17"><span class='ocrx_word' id='word_1_66' title='bbox 193 1084 234 1150; x_wconf 81' lang='lat' dir='ltr'><strong>ab</strong></span> <span class='ocrx_word' id='word_1_67' title='bbox 266 1087 313 1150; x_wconf 85' lang='lat' dir='ltr'><strong>eis</strong></span> <span class='ocrx_word' id='word_1_68' title='bbox 344 1087 466 1167; x_wconf 90' lang='lat' dir='ltr'><strong>orauit,</strong></span> <span class='ocrx_word' id='word_1_69' title='bbox 499 1099 525 1147; x_wconf 85' lang='lat' dir='ltr'><strong>et</strong></span> <span class='ocrx_word' id='word_1_70' title='bbox 537 1095 645 1163; x_wconf 82' lang='lat' dir='ltr'><strong>suctus·</strong></span> <span class='ocrx_word' id='word_1_71' title='bbox 667 1098 710 1145; x_wconf 79' lang='lat' dir='ltr'><strong>ost</strong></span> <span class='ocrx_word' id='word_1_72' title='bbox 730 1091 823 1146; x_wconf 81' lang='lat' dir='ltr'><strong>sudor</strong></span> <span class='ocrx_word' id='word_1_73' title='bbox 844 1088 906 1145; x_wconf 83' lang='lat' dir='ltr'><strong>eius</strong></span> <span class='ocrx_word' id='word_1_74' title='bbox 927 1086 1003 1144; x_wconf 84' lang='lat' dir='ltr'><strong>sicat</strong></span> <span class='ocrx_word' id='word_1_75' title='bbox 1021 1097 1103 1164; x_wconf 73' lang='lat' dir='ltr'><strong>putto</strong></span> <span class='ocrx_word' id='word_1_76' title='bbox 1124 1090 1279 1166; x_wconf 60' lang='lat' dir='ltr'><strong>sauguinis</strong></span> <span class='ocrx_word' id='word_1_77' title='bbox 1302 1091 1487 1148; x_wconf 81' lang='lat' dir='ltr'><strong>decurrentis</strong></span> <span class='ocrx_word' id='word_1_78' title='bbox 1511 1091 1542 1148; x_wconf 84' lang='lat' dir='ltr'><strong>in</strong></span> <span class='ocrx_word' id='word_1_79' title='bbox 1565 1090 1757 1165; x_wconf 61' lang='lat' dir='ltr'><strong>terronam).</strong></span> <span class='ocrx_word' id='word_1_80' title='bbox 1799 1087 1866 1153; x_wconf 89' lang='lat' dir='ltr'><strong>Ubi</strong></span> 
     </span>
     <span class='ocr_line' id='line_1_8' title="bbox 192 1198 1647 1287; baseline 0.001 -21"><span class='ocrx_word' id='word_1_81' title='bbox 192 1202 297 1266; x_wconf 90' lang='lat' dir='ltr'><strong>eciam</strong></span> <span class='ocrx_word' id='word_1_82' title='bbox 318 1202 431 1266; x_wconf 92' lang='lat' dir='ltr'><strong>similis</strong></span> <span class='ocrx_word' id='word_1_83' title='bbox 450 1202 535 1287; x_wconf 91' lang='lat' dir='ltr'><strong>lapis</strong></span> <span class='ocrx_word' id='word_1_84' title='bbox 559 1212 616 1281; x_wconf 88' lang='lat' dir='ltr'><strong>est,</strong></span> <span class='ocrx_word' id='word_1_85' title='bbox 639 1200 759 1265; x_wconf 84' lang='lat' dir='ltr'><strong>similes</strong></span> <span class='ocrx_word' id='word_1_86' title='bbox 781 1200 1012 1286; x_wconf 84' lang='lat' dir='ltr'><strong>impressiones</strong></span> <span class='ocrx_word' id='word_1_87' title='bbox 1033 1198 1156 1264; x_wconf 91' lang='lat' dir='ltr'><strong>habens</strong></span> <span class='ocrx_word' id='word_1_88' title='bbox 1180 1224 1318 1287; x_wconf 84' lang='lat' dir='ltr'><strong>genuum</strong></span> <span class='ocrx_word' id='word_1_89' title='bbox 1342 1212 1373 1265; x_wconf 92' lang='lat' dir='ltr'><strong>et</strong></span> <span class='ocrx_word' id='word_1_90' title='bbox 1393 1224 1546 1266; x_wconf 91' lang='lat' dir='ltr'><strong>manuum</strong></span> <span class='ocrx_word' id='word_1_91' title='bbox 1568 1204 1647 1267; x_wconf 88' lang='lat' dir='ltr'><strong>eius.</strong></span> 
     </span>
    </p>

    <p class='ocr_par' dir='ltr' id='par_1_4' title="bbox 192 1315 1867 1497">
     <span class='ocr_line' id='line_1_9' title="bbox 315 1315 1867 1406; baseline 0.002 -25"><span class='ocrx_word' id='word_1_92' title='bbox 315 1318 404 1381; x_wconf 88' lang='lat' dir='ltr'><strong>Inter</strong></span> <span class='ocrx_word' id='word_1_93' title='bbox 433 1316 517 1380; x_wconf 90' lang='lat' dir='ltr'><strong>hune</strong></span> <span class='ocrx_word' id='word_1_94' title='bbox 549 1316 654 1381; x_wconf 92' lang='lat' dir='ltr'><strong>locum</strong></span> <span class='ocrx_word' id='word_1_95' title='bbox 684 1328 714 1381; x_wconf 90' lang='lat' dir='ltr'><strong>et</strong></span> <span class='ocrx_word' id='word_1_96' title='bbox 735 1315 945 1380; x_wconf 85' lang='lat' dir='ltr'><strong>Gethsemani</strong></span> <span class='ocrx_word' id='word_1_97' title='bbox 974 1326 1048 1380; x_wconf 88' lang='lat' dir='ltr'><strong>anto</strong></span> <span class='ocrx_word' id='word_1_98' title='bbox 1079 1315 1249 1381; x_wconf 90' lang='lat' dir='ltr'><strong>ecclesiam</strong></span> <span class='ocrx_word' id='word_1_99' title='bbox 1278 1315 1373 1381; x_wconf 88' lang='lat' dir='ltr'><strong>beate</strong></span> <span class='ocrx_word' id='word_1_100' title='bbox 1399 1319 1537 1402; x_wconf 80' lang='lat' dir='ltr'><strong>uirginis</strong></span> <span class='ocrx_word' id='word_1_101' title='bbox 1567 1320 1685 1383; x_wconf 85' lang='lat' dir='ltr'><strong>transit</strong></span> <span class='ocrx_word' id='word_1_102' title='bbox 1707 1323 1777 1401; x_wconf 91' lang='lat' dir='ltr'><strong>uia,</strong></span> <span class='ocrx_word' id='word_1_103' title='bbox 1803 1342 1867 1406; x_wconf 89' lang='lat' dir='ltr'><strong>qua</strong></span> 
     </span>
     <span class='ocr_line' id='line_1_10' title="bbox 192 1431 1365 1497; baseline 0.002 -2"><span class='ocrx_word' id='word_1_104' title='bbox 192 1431 379 1496; x_wconf 79' lang='lat' dir='ltr'><strong>ascenditur</strong></span> <span class='ocrx_word' id='word_1_105' title='bbox 398 1434 432 1496; x_wconf 93' lang='lat' dir='ltr'><strong>in</strong></span> <span class='ocrx_word' id='word_1_106' title='bbox 454 1444 593 1496; x_wconf 89' lang='lat' dir='ltr'><strong>montem</strong></span> <span class='ocrx_word' id='word_1_107' title='bbox 616 1431 724 1497; x_wconf 86' lang='lat' dir='ltr'><strong>oliueti</strong></span> <span class='ocrx_word' id='word_1_108' title='bbox 746 1442 777 1496; x_wconf 91' lang='lat' dir='ltr'><strong>et</strong></span> <span class='ocrx_word' id='word_1_109' title='bbox 797 1434 831 1496; x_wconf 91' lang='lat' dir='ltr'><strong>in</strong></span> <span class='ocrx_word' id='word_1_110' title='bbox 851 1431 1044 1496; x_wconf 89' lang='lat' dir='ltr'><strong>Bethaniam</strong></span> <span class='ocrx_word' id='word_1_111' title='bbox 1067 1443 1098 1497; x_wconf 90' lang='lat' dir='ltr'><strong>et</strong></span> <span class='ocrx_word' id='word_1_112' title='bbox 1121 1432 1162 1497; x_wconf 90' lang='lat' dir='ltr'><strong>ad</strong></span> <span class='ocrx_word' id='word_1_113' title='bbox 1185 1433 1365 1497; x_wconf 89' lang='lat' dir='ltr'><strong>Iordanem.</strong></span> 
     </span>
    </p>
   </div>
   <div class='ocr_carea' id='block_1_3' title="bbox 191 1564 1866 1882">
    <p class='ocr_par' dir='ltr' id='par_1_5' title="bbox 191 1564 1866 1882">
     <span class='ocr_line' id='line_1_11' title="bbox 315 1564 1866 1655; baseline 0.003 -27"><span class='ocrx_word' id='word_1_114' title='bbox 315 1564 368 1629; x_wconf 90' lang='lat' dir='ltr'><strong>De</strong></span> <span class='ocrx_word' id='word_1_115' title='bbox 388 1565 458 1630; x_wconf 91' lang='lat' dir='ltr'><strong>loco</strong></span> <span class='ocrx_word' id='word_1_116' title='bbox 481 1566 706 1643; x_wconf 76' lang='lat' dir='ltr'><strong>orationis⁴⁷⁵)</strong></span> <span class='ocrx_word' id='word_1_117' title='bbox 729 1565 861 1629; x_wconf 84' lang='lat' dir='ltr'><strong>Domini</strong></span> <span class='ocrx_word' id='word_1_118' title='bbox 884 1564 956 1650; x_wconf 90' lang='lat' dir='ltr'><strong>plus</strong></span> <span class='ocrx_word' id='word_1_119' title='bbox 976 1587 1071 1650; x_wconf 85' lang='lat' dir='ltr'><strong>quam</strong></span> <span class='ocrx_word' id='word_1_120' title='bbox 1095 1568 1197 1630; x_wconf 88' lang='lat' dir='ltr'><strong>iactus</strong></span> <span class='ocrx_word' id='word_1_121' title='bbox 1220 1568 1260 1630; x_wconf 93' lang='lat' dir='ltr'><strong>sit</strong></span> <span class='ocrx_word' id='word_1_122' title='bbox 1282 1565 1417 1650; x_wconf 88' lang='lat' dir='ltr'><strong>lapidis,</strong></span> <span class='ocrx_word' id='word_1_123' title='bbox 1439 1578 1552 1630; x_wconf 90' lang='lat' dir='ltr'><strong>contra</strong></span> <span class='ocrx_word' id='word_1_124' title='bbox 1574 1579 1733 1650; x_wconf 87' lang='lat' dir='ltr'><strong>austrum,</strong></span> <span class='ocrx_word' id='word_1_125' title='bbox 1756 1571 1789 1632; x_wconf 91' lang='lat' dir='ltr'><strong>in</strong></span> <span class='ocrx_word' id='word_1_126' title='bbox 1811 1592 1866 1655; x_wconf 93' lang='lat' dir='ltr'><strong>op-</strong></span> 
     </span>
     <span class='ocr_line' id='line_1_12' title="bbox 191 1679 1866 1770; baseline 0.002 -26"><span class='ocrx_word' id='word_1_127' title='bbox 191 1681 298 1766; x_wconf 91' lang='lat' dir='ltr'><strong>posito</strong></span> <span class='ocrx_word' id='word_1_128' title='bbox 318 1679 432 1767; x_wconf 88' lang='lat' dir='ltr'><strong>templi</strong></span> <span class='ocrx_word' id='word_1_129' title='bbox 456 1694 487 1743; x_wconf 90' lang='lat' dir='ltr'><strong>et</strong></span> <span class='ocrx_word' id='word_1_130' title='bbox 513 1682 546 1743; x_wconf 92' lang='lat' dir='ltr'><strong>in</strong></span> <span class='ocrx_word' id='word_1_131' title='bbox 568 1679 791 1766; x_wconf 87' lang='lat' dir='ltr'><strong>pedemontis</strong></span> <span class='ocrx_word' id='word_1_132' title='bbox 814 1680 938 1761; x_wconf 89' lang='lat' dir='ltr'><strong>oliucti,</strong></span> <span class='ocrx_word' id='word_1_133' title='bbox 966 1682 1000 1743; x_wconf 92' lang='lat' dir='ltr'><strong>in</strong></span> <span class='ocrx_word' id='word_1_134' title='bbox 1021 1681 1107 1746; x_wconf 91' lang='lat' dir='ltr'><strong>ualle</strong></span> <span class='ocrx_word' id='word_1_135' title='bbox 1129 1682 1281 1770; x_wconf 82' lang='lat' dir='ltr'><strong>Iosophat</strong></span> <span class='ocrx_word' id='word_1_136' title='bbox 1302 1695 1350 1746; x_wconf 86' lang='lat' dir='ltr'><strong>cst</strong></span> <span class='ocrx_word' id='word_1_137' title='bbox 1372 1682 1589 1768; x_wconf 60' lang='lat' dir='ltr'><strong>serratorum)</strong></span> <span class='ocrx_word' id='word_1_138' title='bbox 1612 1685 1698 1768; x_wconf 82' lang='lat' dir='ltr'><strong>regis</strong></span> <span class='ocrx_word' id='word_1_139' title='bbox 1711 1684 1784 1765; x_wconf 74' lang='grc' dir='ltr'><strong>4ῖῦ),</strong></span> <span class='ocrx_word' id='word_1_140' title='bbox 1812 1683 1866 1747; x_wconf 90' lang='lat' dir='ltr'><strong>ha·</strong></span> 
     </span>
     <span class='ocr_line' id='line_1_13' title="bbox 191 1793 1072 1882; baseline 0 -23"><span class='ocrx_word' id='word_1_141' title='bbox 191 1793 272 1859; x_wconf 90' lang='lat' dir='ltr'><strong>bens</strong></span> <span class='ocrx_word' id='word_1_142' title='bbox 294 1798 534 1882; x_wconf 86' lang='lat' dir='ltr'><strong>superpositam</strong></span> <span class='ocrx_word' id='word_1_143' title='bbox 556 1796 748 1882; x_wconf 84' lang='lat' dir='ltr'><strong>piramidem</strong></span> <span class='ocrx_word' id='word_1_144' title='bbox 777 1795 871 1860; x_wconf 88' lang='lat' dir='ltr'><strong>ualde</strong></span> <span class='ocrx_word' id='word_1_145' title='bbox 894 1794 1072 1881; x_wconf 84' lang='lat' dir='ltr'><strong>pulchram.</strong></span> 
     </span>
    </p>
   </div>
   <div class='ocr_carea' id='block_1_4' title="bbox 184 1927 1867 2249">
    <p class='ocr_par' dir='ltr' id='par_1_6' title="bbox 184 1927 1867 2249">
     <span class='ocr_line' id='line_1_14' title="bbox 316 1927 1867 2016; baseline 0.001 -23"><span class='ocrx_word' id='word_1_146' title='bbox 316 1928 385 1993; x_wconf 86' lang='lat' dir='ltr'><strong>Sub</strong></span> <span class='ocrx_word' id='word_1_147' title='bbox 408 1939 516 1993; x_wconf 90' lang='lat' dir='ltr'><strong>monte</strong></span> <span class='ocrx_word' id='word_1_148' title='bbox 538 1927 615 1993; x_wconf 84' lang='lat' dir='ltr'><strong>Sion</strong></span> <span class='ocrx_word' id='word_1_149' title='bbox 638 1939 751 1993; x_wconf 87' lang='lat' dir='ltr'><strong>contra</strong></span> <span class='ocrx_word' id='word_1_150' title='bbox 772 1931 896 2013; x_wconf 80' lang='lat' dir='ltr'><strong>regiam</strong></span> <span class='ocrx_word' id='word_1_151' title='bbox 920 1927 1100 1992; x_wconf 88' lang='lat' dir='ltr'><strong>Salomonis</strong></span> <span class='ocrx_word' id='word_1_152' title='bbox 1123 1930 1156 1992; x_wconf 91' lang='lat' dir='ltr'><strong>in</strong></span> <span class='ocrx_word' id='word_1_153' title='bbox 1178 1930 1369 1994; x_wconf 87' lang='lat' dir='ltr'><strong>occidentali</strong></span> <span class='ocrx_word' id='word_1_154' title='bbox 1397 1931 1501 1996; x_wconf 89' lang='lat' dir='ltr'><strong>latere</strong></span> <span class='ocrx_word' id='word_1_155' title='bbox 1523 1930 1618 1995; x_wconf 89' lang='lat' dir='ltr'><strong>uallis</strong></span> <span class='ocrx_word' id='word_1_156' title='bbox 1638 1930 1794 2016; x_wconf 82' lang='lat' dir='ltr'><strong>Iosophat</strong></span> <span class='ocrx_word' id='word_1_157' title='bbox 1817 1942 1867 1995; x_wconf 89' lang='lat' dir='ltr'><strong>est</strong></span> 
     </span>
     <span class='ocr_line' id='line_1_15' title="bbox 184 2043 1865 2133; baseline 0.004 -27"><span class='ocrx_word' id='word_1_158' title='bbox 184 2051 260 2120; x_wconf 76' lang='lat' dir='ltr'><strong>sons</strong></span> <span class='ocrx_word' id='word_1_159' title='bbox 283 2048 361 2107; x_wconf 73' lang='lat' dir='ltr'><strong>Siloa</strong></span> <span class='ocrx_word' id='word_1_160' title='bbox 374 2046 449 2125; x_wconf 76' lang='lat'><strong>⁴⁷⁷),</strong></span> <span class='ocrx_word' id='word_1_161' title='bbox 477 2043 517 2107; x_wconf 91' lang='lat' dir='ltr'><strong>de</strong></span> <span class='ocrx_word' id='word_1_162' title='bbox 539 2066 601 2130; x_wconf 87' lang='lat' dir='ltr'><strong>quo</strong></span> <span class='ocrx_word' id='word_1_163' title='bbox 624 2066 683 2131; x_wconf 91' lang='lat' dir='ltr'><strong>per</strong></span> <span class='ocrx_word' id='word_1_164' title='bbox 705 2043 987 2130; x_wconf 60' lang='lat' dir='ltr'><strong>aqueductumffl)</strong></span> <span class='ocrx_word' id='word_1_165' title='bbox 1009 2043 1080 2108; x_wconf 90' lang='lat' dir='ltr'><strong>fluit</strong></span> <span class='ocrx_word' id='word_1_166' title='bbox 1103 2067 1187 2131; x_wconf 89' lang='lat' dir='ltr'><strong>aqua</strong></span> <span class='ocrx_word' id='word_1_167' title='bbox 1208 2049 1241 2110; x_wconf 93' lang='lat' dir='ltr'><strong>in</strong></span> <span class='ocrx_word' id='word_1_168' title='bbox 1262 2048 1422 2133; x_wconf 89' lang='lat' dir='ltr'><strong>piscinam</strong></span> <span class='ocrx_word' id='word_1_169' title='bbox 1445 2049 1644 2133; x_wconf 90' lang='lat' dir='ltr'><strong>superiorem</strong></span> <span class='ocrx_word' id='word_1_170' title='bbox 1665 2056 1696 2111; x_wconf 92' lang='lat' dir='ltr'><strong>et</strong></span> <span class='ocrx_word' id='word_1_171' title='bbox 1717 2049 1751 2110; x_wconf 91' lang='lat' dir='ltr'><strong>in</strong></span> <span class='ocrx_word' id='word_1_172' title='bbox 1774 2059 1865 2112; x_wconf 90' lang='lat' dir='ltr'><strong>nata-</strong></span> 
     </span>
     <span class='ocr_line' id='line_1_16' title="bbox 191 2157 1865 2249; baseline 0.001 -24"><span class='ocrx_word' id='word_1_173' title='bbox 191 2162 309 2225; x_wconf 88' lang='lat' dir='ltr'><strong>toriam</strong></span> <span class='ocrx_word' id='word_1_174' title='bbox 333 2160 429 2242; x_wconf 87' lang='lat' dir='ltr'><strong>Siloe,</strong></span> <span class='ocrx_word' id='word_1_175' title='bbox 452 2159 579 2246; x_wconf 91' lang='lat' dir='ltr'><strong>quaudo</strong></span> <span class='ocrx_word' id='word_1_176' title='bbox 601 2162 673 2226; x_wconf 87' lang='lat' dir='ltr'><strong>fons</strong></span> <span class='ocrx_word' id='word_1_177' title='bbox 696 2160 815 2225; x_wconf 86' lang='lat' dir='ltr'><strong>ibidem</strong></span> <span class='ocrx_word' id='word_1_178' title='bbox 838 2157 1005 2224; x_wconf 83' lang='lat' dir='ltr'><strong>habundat</strong></span> <span class='ocrx_word' id='word_1_179' title='bbox 1021 2161 1129 2245; x_wconf 88' lang='lat' dir='ltr'><strong>aquis;</strong></span> <span class='ocrx_word' id='word_1_180' title='bbox 1151 2184 1215 2225; x_wconf 91' lang='lat' dir='ltr'><strong>non</strong></span> <span class='ocrx_word' id='word_1_181' title='bbox 1229 2164 1313 2226; x_wconf 89' lang='lat' dir='ltr'><strong>enim</strong></span> <span class='ocrx_word' id='word_1_182' title='bbox 1328 2162 1399 2226; x_wconf 89' lang='lat' dir='ltr'><strong>fluit</strong></span> <span class='ocrx_word' id='word_1_183' title='bbox 1413 2164 1540 2247; x_wconf 86' lang='lat' dir='ltr'><strong>iugiter,</strong></span> <span class='ocrx_word' id='word_1_184' title='bbox 1563 2162 1619 2226; x_wconf 90' lang='lat' dir='ltr'><strong>sed</strong></span> <span class='ocrx_word' id='word_1_185' title='bbox 1635 2162 1865 2249; x_wconf 87' lang='lat' dir='ltr'><strong>interpolatim.</strong></span> 
     </span>
    </p>
   </div>
   <div class='ocr_carea' id='block_1_5' title="bbox 191 2292 1864 2612">
    <p class='ocr_par' dir='ltr' id='par_1_7' title="bbox 191 2292 1864 2612">
     <span class='ocr_line' id='line_1_17' title="bbox 314 2292 1864 2381; baseline 0.002 -24"><span class='ocrx_word' id='word_1_186' title='bbox 314 2293 420 2358; x_wconf 91' lang='lat' dir='ltr'><strong>Ambe</strong></span> <span class='ocrx_word' id='word_1_187' title='bbox 443 2306 549 2359; x_wconf 91' lang='lat' dir='ltr'><strong>autem</strong></span> <span class='ocrx_word' id='word_1_188' title='bbox 577 2295 637 2357; x_wconf 89' lang='lat' dir='ltr'><strong>iste</strong></span> <span class='ocrx_word' id='word_1_189' title='bbox 665 2295 789 2378; x_wconf 89' lang='lat' dir='ltr'><strong>piscino</strong></span> <span class='ocrx_word' id='word_1_190' title='bbox 818 2294 944 2357; x_wconf 88' lang='lat' dir='ltr'><strong>suntin</strong></span> <span class='ocrx_word' id='word_1_191' title='bbox 969 2292 1052 2379; x_wconf 86' lang='lat' dir='ltr'><strong>pede</strong></span> <span class='ocrx_word' id='word_1_192' title='bbox 1073 2297 1190 2358; x_wconf 90' lang='lat' dir='ltr'><strong>montis</strong></span> <span class='ocrx_word' id='word_1_193' title='bbox 1213 2295 1306 2375; x_wconf 85' lang='lat' dir='ltr'><strong>Sion,</strong></span> <span class='ocrx_word' id='word_1_194' title='bbox 1329 2296 1540 2381; x_wconf 88' lang='lat' dir='ltr'><strong>interipsum</strong></span> <span class='ocrx_word' id='word_1_195' title='bbox 1562 2306 1593 2359; x_wconf 92' lang='lat' dir='ltr'><strong>et</strong></span> <span class='ocrx_word' id='word_1_196' title='bbox 1615 2295 1864 2361; x_wconf 87' lang='lat' dir='ltr'><strong>Acheldemach.</strong></span> 
     </span>
     <span class='ocr_line' id='line_1_18' title="bbox 191 2407 1864 2498; baseline 0.002 -25"><span class='ocrx_word' id='word_1_197' title='bbox 191 2409 329 2474; x_wconf 82' lang='lat' dir='ltr'><strong>Accedit</strong></span> <span class='ocrx_word' id='word_1_198' title='bbox 350 2411 483 2497; x_wconf 88' lang='lat' dir='ltr'><strong>insuper</strong></span> <span class='ocrx_word' id='word_1_199' title='bbox 505 2409 546 2473; x_wconf 93' lang='lat' dir='ltr'><strong>ad</strong></span> <span class='ocrx_word' id='word_1_200' title='bbox 567 2410 626 2474; x_wconf 90' lang='lat' dir='ltr'><strong>bas</strong></span> <span class='ocrx_word' id='word_1_201' title='bbox 648 2411 790 2495; x_wconf 85' lang='lat' dir='ltr'><strong>piscinas</strong></span> <span class='ocrx_word' id='word_1_202' title='bbox 813 2410 917 2473; x_wconf 88' lang='lat' dir='ltr'><strong>eciam</strong></span> <span class='ocrx_word' id='word_1_203' title='bbox 940 2431 1024 2494; x_wconf 89' lang='lat' dir='ltr'><strong>aqua</strong></span> <span class='ocrx_word' id='word_1_204' title='bbox 1046 2407 1087 2472; x_wconf 93' lang='lat' dir='ltr'><strong>de</strong></span> <span class='ocrx_word' id='word_1_205' title='bbox 1102 2416 1190 2485; x_wconf 78' lang='lat' dir='ltr'><strong>fonte</strong></span> <span class='ocrx_word' id='word_1_206' title='bbox 1216 2413 1330 2487; x_wconf 71' lang='lat' dir='ltr'><strong>Gronb)</strong></span> <span class='ocrx_word' id='word_1_207' title='bbox 1353 2413 1578 2493; x_wconf 58' lang='lat' dir='ltr'><strong>inferiorem),</strong></span> <span class='ocrx_word' id='word_1_208' title='bbox 1601 2413 1656 2498; x_wconf 90' lang='lat' dir='ltr'><strong>qui</strong></span> <span class='ocrx_word' id='word_1_209' title='bbox 1679 2413 1781 2476; x_wconf 90' lang='lat' dir='ltr'><strong>oritur</strong></span> <span class='ocrx_word' id='word_1_210' title='bbox 1805 2412 1864 2477; x_wconf 90' lang='lat' dir='ltr'><strong>sub</strong></span> 
     </span>
     <span class='ocr_line' id='line_1_19' title="bbox 193 2523 1583 2612; baseline 0.003 -22"><span class='ocrx_word' id='word_1_211' title='bbox 193 2548 272 2612; x_wconf 82' lang='lat' dir='ltr'><strong>agro</strong></span> <span class='ocrx_word' id='word_1_212' title='bbox 293 2526 422 2591; x_wconf 84' lang='lat' dir='ltr'><strong>fullonis</strong></span> <span class='ocrx_word' id='word_1_213' title='bbox 444 2528 536 2590; x_wconf 89' lang='lat' dir='ltr'><strong>iuxta</strong></span> <span class='ocrx_word' id='word_1_214' title='bbox 557 2525 661 2589; x_wconf 88' lang='lat' dir='ltr'><strong>locum</strong></span> <span class='ocrx_word' id='word_1_215' title='bbox 685 2527 832 2589; x_wconf 87' lang='lat' dir='ltr'><strong>stationis</strong></span> <span class='ocrx_word' id='word_1_216' title='bbox 852 2523 1034 2606; x_wconf 74' lang='lat' dir='ltr'><strong>Kabassos,</strong></span> <span class='ocrx_word' id='word_1_217' title='bbox 1053 2523 1109 2588; x_wconf 95' lang='lat' dir='ltr'><strong>ubi</strong></span> <span class='ocrx_word' id='word_1_218' title='bbox 1131 2525 1343 2610; x_wconf 89' lang='lat' dir='ltr'><strong>exprobrauit</strong></span> <span class='ocrx_word' id='word_1_219' title='bbox 1364 2526 1583 2604; x_wconf 68' lang='lat' dir='ltr'><strong>Domino⁴⁸⁰l</strong></span> 
     </span>
    </p>
   </div>
   <div class='ocr_carea' id='block_1_6' title="bbox 193 2655 1866 2976">
    <p class='ocr_par' dir='ltr' id='par_1_8' title="bbox 193 2655 1866 2976">
     <span class='ocr_line' id='line_1_20' title="bbox 317 2655 1866 2744; baseline 0.001 -22"><span class='ocrx_word' id='word_1_220' title='bbox 317 2660 414 2723; x_wconf 83' lang='lat' dir='ltr'><strong>quta</strong></span> <span class='ocrx_word' id='word_1_221' title='bbox 436 2659 580 2744; x_wconf 89' lang='lat' dir='ltr'><strong>piscinas</strong></span> <span class='ocrx_word' id='word_1_222' title='bbox 601 2659 681 2721; x_wconf 89' lang='lat' dir='ltr'><strong>istas</strong></span> <span class='ocrx_word' id='word_1_223' title='bbox 704 2656 746 2720; x_wconf 92' lang='lat' dir='ltr'><strong>ad</strong></span> <span class='ocrx_word' id='word_1_224' title='bbox 768 2659 888 2722; x_wconf 87' lang='lat' dir='ltr'><strong>iactum</strong></span> <span class='ocrx_word' id='word_1_225' title='bbox 909 2656 1028 2742; x_wconf 87' lang='lat' dir='ltr'><strong>lapidis</strong></span> <span class='ocrx_word' id='word_1_226' title='bbox 1050 2655 1135 2720; x_wconf 89' lang='lat' dir='ltr'><strong>ultra</strong></span> <span class='ocrx_word' id='word_1_227' title='bbox 1158 2655 1274 2721; x_wconf 87' lang='lat' dir='ltr'><strong>uallem</strong></span> <span class='ocrx_word' id='word_1_228' title='bbox 1300 2660 1333 2721; x_wconf 91' lang='lat' dir='ltr'><strong>in</strong></span> <span class='ocrx_word' id='word_1_229' title='bbox 1355 2670 1448 2744; x_wconf 88' lang='lat' dir='ltr'><strong>parte</strong></span> <span class='ocrx_word' id='word_1_230' title='bbox 1470 2661 1538 2723; x_wconf 91' lang='lat' dir='ltr'><strong>eius</strong></span> <span class='ocrx_word' id='word_1_231' title='bbox 1560 2660 1693 2725; x_wconf 90' lang='lat' dir='ltr'><strong>australi</strong></span> <span class='ocrx_word' id='word_1_232' title='bbox 1721 2673 1771 2725; x_wconf 89' lang='lat' dir='ltr'><strong>est</strong></span> <span class='ocrx_word' id='word_1_233' title='bbox 1793 2686 1866 2741; x_wconf 73' lang='lat' dir='ltr'><strong>oper</strong></span> 
     </span>
     <span class='ocr_line' id='line_1_21' title="bbox 193 2773 1865 2863; baseline 0.003 -27"><span class='ocrx_word' id='word_1_234' title='bbox 193 2775 490 2855; x_wconf 61' lang='lat' dir='ltr'><strong>Acheldemacl⁴⁸¹),</strong></span> <span class='ocrx_word' id='word_1_235' title='bbox 517 2773 571 2837; x_wconf 94' lang='lat' dir='ltr'><strong>ubi</strong></span> <span class='ocrx_word' id='word_1_236' title='bbox 603 2786 650 2837; x_wconf 91' lang='lat' dir='ltr'><strong>est</strong></span> <span class='ocrx_word' id='word_1_237' title='bbox 680 2774 846 2859; x_wconf 82' lang='lat' dir='ltr'><strong>sepultura</strong></span> <span class='ocrx_word' id='word_1_238' title='bbox 868 2775 1132 2858; x_wconf 86' lang='lat' dir='ltr'><strong>peregrinorum,</strong></span> <span class='ocrx_word' id='word_1_239' title='bbox 1160 2784 1270 2859; x_wconf 90' lang='lat' dir='ltr'><strong>empta</strong></span> <span class='ocrx_word' id='word_1_240' title='bbox 1290 2775 1391 2839; x_wconf 87' lang='lat' dir='ltr'><strong>XXX</strong></span> <span class='ocrx_word' id='word_1_241' title='bbox 1413 2779 1594 2860; x_wconf 84' lang='lat' dir='ltr'><strong>argenteis,</strong></span> <span class='ocrx_word' id='word_1_242' title='bbox 1630 2776 1746 2863; x_wconf 91' lang='lat' dir='ltr'><strong>quibus</strong></span> <span class='ocrx_word' id='word_1_243' title='bbox 1767 2777 1865 2841; x_wconf 89' lang='lat' dir='ltr'><strong>Iudas</strong></span> 
     </span>
     <span class='ocr_line' id='line_1_22' title="bbox 194 2889 1412 2976; baseline -0.001 -20"><span class='ocrx_word' id='word_1_244' title='bbox 194 2890 342 2956; x_wconf 87' lang='lat' dir='ltr'><strong>uendidit</strong></span> <span class='ocrx_word' id='word_1_245' title='bbox 363 2890 550 2954; x_wconf 91' lang='lat' dir='ltr'><strong>Dominum.</strong></span> <span class='ocrx_word' id='word_1_246' title='bbox 592 2889 695 2954; x_wconf 89' lang='lat' dir='ltr'><strong>Multa</strong></span> <span class='ocrx_word' id='word_1_247' title='bbox 704 2897 727 2968; x_wconf 61' lang='grc' dir='ltr'><strong>Ε)</strong></span> <span class='ocrx_word' id='word_1_248' title='bbox 751 2890 876 2954; x_wconf 90' lang='lat' dir='ltr'><strong>suntin</strong></span> <span class='ocrx_word' id='word_1_249' title='bbox 899 2910 977 2974; x_wconf 87' lang='lat' dir='ltr'><strong>agro</strong></span> <span class='ocrx_word' id='word_1_250' title='bbox 1000 2890 1061 2953; x_wconf 92' lang='lat' dir='ltr'><strong>isto</strong></span> <span class='ocrx_word' id='word_1_251' title='bbox 1085 2889 1234 2976; x_wconf 86' lang='lat' dir='ltr'><strong>sepulcra</strong></span> <span class='ocrx_word' id='word_1_252' title='bbox 1255 2891 1412 2976; x_wconf 88' lang='lat' dir='ltr'><strong>preciosa.</strong></span> 
     </span>
    </p>
   </div>
   <div class='ocr_carea' id='block_1_7' title="bbox 193 3021 1865 3343">
    <p class='ocr_par' dir='ltr' id='par_1_9' title="bbox 193 3021 1865 3343">
     <span class='ocr_line' id='line_1_23' title="bbox 319 3021 1865 3107; baseline 0.003 -21"><span class='ocrx_word' id='word_1_253' title='bbox 319 3023 407 3086; x_wconf 84' lang='lat' dir='ltr'><strong>Infra</strong></span> <span class='ocrx_word' id='word_1_254' title='bbox 434 3022 579 3107; x_wconf 89' lang='lat' dir='ltr'><strong>piscinas</strong></span> <span class='ocrx_word' id='word_1_255' title='bbox 608 3023 687 3087; x_wconf 89' lang='lat' dir='ltr'><strong>istas</strong></span> <span class='ocrx_word' id='word_1_256' title='bbox 716 3032 747 3086; x_wconf 92' lang='lat' dir='ltr'><strong>et</strong></span> <span class='ocrx_word' id='word_1_257' title='bbox 780 3045 894 3107; x_wconf 80' lang='lat' dir='ltr'><strong>agrum</strong></span> <span class='ocrx_word' id='word_1_258' title='bbox 918 3021 1156 3086; x_wconf 88' lang='lat' dir='ltr'><strong>Acheldemach</strong></span> <span class='ocrx_word' id='word_1_259' title='bbox 1189 3034 1301 3086; x_wconf 90' lang='lat' dir='ltr'><strong>contra</strong></span> <span class='ocrx_word' id='word_1_260' title='bbox 1329 3024 1485 3088; x_wconf 88' lang='lat' dir='ltr'><strong>orientem</strong></span> <span class='ocrx_word' id='word_1_261' title='bbox 1512 3022 1716 3103; x_wconf 65' lang='lat' dir='ltr'><strong>descenditl)</strong></span> <span class='ocrx_word' id='word_1_262' title='bbox 1738 3036 1865 3090; x_wconf 88' lang='lat' dir='ltr'><strong>torrens</strong></span> 
     </span>
     <span class='ocr_line' id='line_1_24' title="bbox 197 3137 1865 3226; baseline 0.002 -25"><span class='ocrx_word' id='word_1_263' title='bbox 197 3139 382 3213; x_wconf 71' lang='lat' dir='ltr'><strong>Cedroa⁴⁸²)</strong></span> <span class='ocrx_word' id='word_1_264' title='bbox 403 3138 544 3202; x_wconf 85' lang='lat' dir='ltr'><strong>collectis</strong></span> <span class='ocrx_word' id='word_1_265' title='bbox 564 3140 696 3224; x_wconf 86' lang='lat' dir='ltr'><strong>insuper</strong></span> <span class='ocrx_word' id='word_1_266' title='bbox 717 3142 820 3222; x_wconf 62' lang='lat' dir='ltr'><strong>asparis,</strong></span> <span class='ocrx_word' id='word_1_267' title='bbox 844 3160 924 3221; x_wconf 87' lang='lat' dir='ltr'><strong>quas</strong></span> <span class='ocrx_word' id='word_1_268' title='bbox 947 3160 1056 3201; x_wconf 85' lang='lat' dir='ltr'><strong>secum</strong></span> <span class='ocrx_word' id='word_1_269' title='bbox 1079 3138 1179 3201; x_wconf 88' lang='lat' dir='ltr'><strong>trahit</strong></span> <span class='ocrx_word' id='word_1_270' title='bbox 1201 3137 1241 3201; x_wconf 88' lang='lat' dir='ltr'><strong>de</strong></span> <span class='ocrx_word' id='word_1_271' title='bbox 1262 3139 1409 3224; x_wconf 88' lang='lat' dir='ltr'><strong>partibus</strong></span> <span class='ocrx_word' id='word_1_272' title='bbox 1432 3139 1663 3226; x_wconf 90' lang='lat' dir='ltr'><strong>superioribus,</strong></span> <span class='ocrx_word' id='word_1_273' title='bbox 1685 3140 1807 3205; x_wconf 90' lang='lat' dir='ltr'><strong>scilicet</strong></span> <span class='ocrx_word' id='word_1_274' title='bbox 1825 3141 1865 3205; x_wconf 90' lang='lat' dir='ltr'><strong>de</strong></span> 
     </span>
     <span class='ocr_line' id='line_1_25' title="bbox 193 3252 1864 3343; baseline 0.002 -24"><span class='ocrx_word' id='word_1_275' title='bbox 193 3255 297 3319; x_wconf 90' lang='lat' dir='ltr'><strong>Rama</strong></span> <span class='ocrx_word' id='word_1_276' title='bbox 319 3266 351 3319; x_wconf 87' lang='lat' dir='ltr'><strong>ct</strong></span> <span class='ocrx_word' id='word_1_277' title='bbox 370 3253 535 3319; x_wconf 90' lang='lat' dir='ltr'><strong>Anathoth</strong></span> <span class='ocrx_word' id='word_1_278' title='bbox 558 3265 590 3318; x_wconf 90' lang='lat' dir='ltr'><strong>et</strong></span> <span class='ocrx_word' id='word_1_279' title='bbox 612 3253 759 3339; x_wconf 89' lang='lat' dir='ltr'><strong>sepulcro</strong></span> <span class='ocrx_word' id='word_1_280' title='bbox 781 3255 891 3339; x_wconf 84' lang='lat' dir='ltr'><strong>regine</strong></span> <span class='ocrx_word' id='word_1_281' title='bbox 912 3252 1218 3328; x_wconf 71' lang='lat' dir='ltr'><strong>labenorum⁰l⁴⁸³t</strong></span> <span class='ocrx_word' id='word_1_282' title='bbox 1254 3255 1298 3318; x_wconf 85' lang='lat' dir='ltr'><strong>Et</strong></span> <span class='ocrx_word' id='word_1_283' title='bbox 1318 3254 1413 3341; x_wconf 84' lang='lat' dir='ltr'><strong>longe</strong></span> <span class='ocrx_word' id='word_1_284' title='bbox 1436 3255 1494 3320; x_wconf 90' lang='lat' dir='ltr'><strong>sub</strong></span> <span class='ocrx_word' id='word_1_285' title='bbox 1517 3256 1664 3343; x_wconf 89' lang='lat' dir='ltr'><strong>sepulcro</strong></span> <span class='ocrx_word' id='word_1_286' title='bbox 1686 3256 1781 3321; x_wconf 88' lang='lat' dir='ltr'><strong>beate</strong></span> <span class='ocrx_word' id='word_1_287' title='bbox 1801 3259 1864 3322; x_wconf 92' lang='lat' dir='ltr'><strong>uir·</strong></span> 
     </span>
    </p>
   </div>
   <div class='ocr_carea' id='block_1_8' title="bbox 262 3449 1864 3601">
    <p class='ocr_par' dir='ltr' id='par_1_10' title="bbox 262 3449 1864 3601">
     <span class='ocr_line' id='line_1_26' title="bbox 262 3449 1864 3522; baseline 0.001 -15"><span class='ocrx_word' id='word_1_288' title='bbox 262 3453 290 3521; x_wconf 83' lang='lat' dir='ltr'><strong>a)</strong></span> <span class='ocrx_word' id='word_1_289' title='bbox 308 3461 346 3506; x_wconf 80' lang='lat' dir='ltr'><strong>eat</strong></span> <span class='ocrx_word' id='word_1_290' title='bbox 363 3452 515 3522; x_wconf 71' lang='lat' dir='ltr'><strong>repertorum</strong></span> <span class='ocrx_word' id='word_1_291' title='bbox 534 3468 584 3505; x_wconf 91' lang='lat' dir='ltr'><strong>om.</strong></span> <span class='ocrx_word' id='word_1_292' title='bbox 605 3451 654 3519; x_wconf 89' lang='lat' dir='ltr'><strong>St,</strong></span> <span class='ocrx_word' id='word_1_293' title='bbox 671 3451 754 3507; x_wconf 90' lang='lat' dir='ltr'><strong>habet</strong></span> <span class='ocrx_word' id='word_1_294' title='bbox 773 3452 798 3504; x_wconf 94' lang='lat' dir='ltr'><strong>h.</strong></span> <span class='ocrx_word' id='word_1_295' title='bbox 823 3481 855 3489; x_wconf 91' lang='lat'>-</span> <span class='ocrx_word' id='word_1_296' title='bbox 878 3449 907 3513; x_wconf 77' lang='lat' dir='ltr'><strong>b)</strong></span> <span class='ocrx_word' id='word_1_297' title='bbox 926 3469 997 3519; x_wconf 75' lang='lat' dir='ltr'><strong>ppos</strong></span> <span class='ocrx_word' id='word_1_298' title='bbox 1015 3449 1054 3504; x_wconf 86' lang='lat' dir='ltr'><strong>St.</strong></span> <span class='ocrx_word' id='word_1_299' title='bbox 1079 3482 1110 3489; x_wconf 89' lang='lat'><em>-</em></span> <span class='ocrx_word' id='word_1_300' title='bbox 1133 3452 1160 3517; x_wconf 74' lang='lat' dir='ltr'><strong>c]</strong></span> <span class='ocrx_word' id='word_1_301' title='bbox 1177 3461 1245 3506; x_wconf 75' lang='lat' dir='ltr'><strong>atsto</strong></span> <span class='ocrx_word' id='word_1_302' title='bbox 1263 3451 1303 3509; x_wconf 91' lang='lat' dir='ltr'><strong>St.</strong></span> <span class='ocrx_word' id='word_1_303' title='bbox 1321 3455 1407 3506; x_wconf 77' lang='lat' dir='ltr'><strong>mrrltu</strong></span> <span class='ocrx_word' id='word_1_304' title='bbox 1424 3452 1449 3506; x_wconf 93' lang='lat' dir='ltr'><strong>h.</strong></span> <span class='ocrx_word' id='word_1_305' title='bbox 1474 3484 1504 3493; x_wconf 96' lang='lat'>-</span> <span class='ocrx_word' id='word_1_306' title='bbox 1528 3454 1557 3519; x_wconf 90' lang='lat' dir='ltr'><strong>d)</strong></span> <span class='ocrx_word' id='word_1_307' title='bbox 1576 3456 1736 3508; x_wconf 75' lang='lat' dir='ltr'><strong>‹lcaccarleua</strong></span> <span class='ocrx_word' id='word_1_308' title='bbox 1755 3452 1795 3510; x_wconf 84' lang='lat' dir='ltr'><strong>St.</strong></span> <span class='ocrx_word' id='word_1_309' title='bbox 1819 3456 1864 3509; x_wconf 76' lang='lat' dir='ltr'><strong>‹le-</strong></span> 
     </span>
     <span class='ocr_line' id='line_1_27' title="bbox 337 3535 819 3601; baseline -0.004 -10"><span class='ocrx_word' id='word_1_310' title='bbox 337 3537 440 3591; x_wconf 71' lang='lat' dir='ltr'><strong>aceedit</strong></span> <span class='ocrx_word' id='word_1_311' title='bbox 457 3535 482 3588; x_wconf 90' lang='lat' dir='ltr'><strong>h.</strong></span> <span class='ocrx_word' id='word_1_312' title='bbox 500 3566 533 3576; x_wconf 93' lang='lat'>—</span> <span class='ocrx_word' id='word_1_313' title='bbox 553 3538 578 3601; x_wconf 80' lang='grc' dir='ltr'><strong>ε)</strong></span> <span class='ocrx_word' id='word_1_314' title='bbox 595 3536 761 3590; x_wconf 80' lang='lat' dir='ltr'><strong>Iabaaorum</strong></span> <span class='ocrx_word' id='word_1_315' title='bbox 780 3535 819 3590; x_wconf 87' lang='lat' dir='ltr'><strong>St.</strong></span> 
     </span>
    </p>
   </div>
   <div class='ocr_carea' id='block_1_9' title="bbox 191 3722 1865 5674">
    <p class='ocr_par' dir='ltr' id='par_1_11' title="bbox 191 3722 1865 3884">
     <span class='ocr_line' id='line_1_28' title="bbox 195 3722 1865 3800; baseline 0.001 -16"><span class='ocrx_word' id='word_1_316' title='bbox 195 3726 278 3785; x_wconf 90' lang='lat' dir='ltr'><strong>sicuti</strong></span> <span class='ocrx_word' id='word_1_317' title='bbox 299 3723 352 3784; x_wconf 87' lang='lat' dir='ltr'><strong>VI.</strong></span> <span class='ocrx_word' id='word_1_318' title='bbox 377 3728 403 3796; x_wconf 91' lang='grc'><strong>8,</strong></span> <span class='ocrx_word' id='word_1_319' title='bbox 423 3724 606 3796; x_wconf 81' lang='lat' dir='ltr'><strong>liniamenta,</strong></span> <span class='ocrx_word' id='word_1_320' title='bbox 626 3745 686 3783; x_wconf 92' lang='lat' dir='ltr'><strong>non</strong></span> <span class='ocrx_word' id='word_1_321' title='bbox 707 3725 898 3791; x_wconf 80' lang='lat' dir='ltr'><strong>lineamenta,</strong></span> <span class='ocrx_word' id='word_1_322' title='bbox 920 3723 1007 3800; x_wconf 88' lang='lat' dir='ltr'><strong>scrip·</strong></span> <span class='ocrx_word' id='word_1_323' title='bbox 1111 3725 1181 3795; x_wconf 97' lang='grc'>480)</span> <span class='ocrx_word' id='word_1_324' title='bbox 1207 3724 1359 3781; x_wconf 83' lang='lat' dir='ltr'><strong>Rabsaccs</strong></span> <span class='ocrx_word' id='word_1_325' title='bbox 1388 3757 1427 3765; x_wconf 98' lang='lat'>-</span> <span class='ocrx_word' id='word_1_326' title='bbox 1455 3723 1589 3798; x_wconf 82' lang='lat' dir='ltr'><strong>Domino]</strong></span> <span class='ocrx_word' id='word_1_327' title='bbox 1627 3722 1664 3782; x_wconf 96' lang='lat' dir='ltr'><strong>V.</strong></span> <span class='ocrx_word' id='word_1_328' title='bbox 1694 3724 1807 3784; x_wconf 87' lang='lat' dir='ltr'><strong>Iesaiae</strong></span> <span class='ocrx_word' id='word_1_329' title='bbox 1841 3746 1865 3786; x_wconf 90' lang='lat' dir='ltr'><strong>c.</strong></span> 
     </span>
     <span class='ocr_line' id='line_1_29' title="bbox 191 3819 1426 3884; baseline -0.002 -2"><span class='ocrx_word' id='word_1_330' title='bbox 191 3827 229 3884; x_wconf 90' lang='lat' dir='ltr'><strong>sit</strong></span> <span class='ocrx_word' id='word_1_331' title='bbox 249 3823 444 3884; x_wconf 88' lang='lat' dir='ltr'><strong>Burcbardus.</strong></span> <span class='ocrx_word' id='word_1_332' title='bbox 1048 3819 1191 3879; x_wconf 88' lang='lat' dir='ltr'>XXXVI</span> <span class='ocrx_word' id='word_1_333' title='bbox 1211 3830 1240 3878; x_wconf 90' lang='lat' dir='ltr'><strong>et</strong></span> <span class='ocrx_word' id='word_1_334' title='bbox 1260 3820 1426 3880; x_wconf 87' lang='lat' dir='ltr'>XXXVII.</span> 
     </span>
    </p>

    <p class='ocr_par' dir='ltr' id='par_1_12' title="bbox 192 3919 1645 4092">
     <span class='ocr_line' id='line_1_30' title="bbox 257 3919 1645 3998; baseline -0.002 -14"><span class='ocrx_word' id='word_1_335' title='bbox 257 3926 328 3995; x_wconf 90' lang='grc'>474)</span> <span class='ocrx_word' id='word_1_336' title='bbox 352 3924 537 3981; x_wconf 79' lang='lat' dir='ltr'><strong>decurrentis</strong></span> <span class='ocrx_word' id='word_1_337' title='bbox 552 3924 582 3980; x_wconf 81' lang='lat' dir='ltr'><strong>in</strong></span> <span class='ocrx_word' id='word_1_338' title='bbox 598 3924 718 3998; x_wconf 84' lang='lat' dir='ltr'><strong>terram]</strong></span> <span class='ocrx_word' id='word_1_339' title='bbox 737 3923 774 3981; x_wconf 88' lang='lat' dir='ltr'><strong>V.</strong></span> <span class='ocrx_word' id='word_1_340' title='bbox 787 3923 887 3982; x_wconf 89' lang='lat' dir='ltr'><strong>Lucae</strong></span> <span class='ocrx_word' id='word_1_341' title='bbox 902 3922 1007 3982; x_wconf 88' lang='lat' dir='ltr'>XXII.</span> <span class='ocrx_word' id='word_1_342' title='bbox 1110 3922 1182 3991; x_wconf 84' lang='lat'>481)</span> <span class='ocrx_word' id='word_1_343' title='bbox 1202 3920 1422 3994; x_wconf 79' lang='lat' dir='ltr'><strong>Acheldemach]</strong></span> <span class='ocrx_word' id='word_1_344' title='bbox 1447 3919 1645 3983; x_wconf 85' lang='lat' dir='ltr'><strong>Hakeldama.</strong></span> 
     </span>
     <span class='ocr_line' id='line_1_31' title="bbox 192 4016 1478 4092; baseline -0.009 -4"><span class='ocrx_word' id='word_1_345' title='bbox 192 4032 241 4088; x_wconf 91' lang='grc'><strong>44.</strong></span> <span class='ocrx_word' id='word_1_346' title='bbox 1111 4021 1182 4090; x_wconf 89' lang='grc'>482)</span> <span class='ocrx_word' id='word_1_347' title='bbox 1208 4016 1333 4092; x_wconf 74' lang='lat' dir='ltr'><strong>cedron]</strong></span> <span class='ocrx_word' id='word_1_348' title='bbox 1355 4017 1478 4078; x_wconf 87' lang='lat' dir='ltr'><strong>Kidron.</strong></span> 
     </span>
    </p>

    <p class='ocr_par' dir='ltr' id='par_1_13' title="bbox 192 4117 1865 4301">
     <span class='ocr_line' id='line_1_32' title="bbox 256 4117 1864 4199; baseline -0.003 -16"><span class='ocrx_word' id='word_1_349' title='bbox 256 4126 325 4193; x_wconf 83' lang='grc'>475)</span> <span class='ocrx_word' id='word_1_350' title='bbox 348 4124 394 4179; x_wconf 85' lang='lat' dir='ltr'><strong>Dc</strong></span> <span class='ocrx_word' id='word_1_351' title='bbox 422 4123 485 4177; x_wconf 83' lang='lat' dir='ltr'><strong>loco</strong></span> <span class='ocrx_word' id='word_1_352' title='bbox 508 4121 660 4196; x_wconf 80' lang='lat' dir='ltr'><strong>orationis]</strong></span> <span class='ocrx_word' id='word_1_353' title='bbox 692 4120 727 4178; x_wconf 95' lang='lat' dir='ltr'><strong>V.</strong></span> <span class='ocrx_word' id='word_1_354' title='bbox 752 4119 863 4179; x_wconf 83' lang='lat' dir='ltr'><strong>Tobler</strong></span> <span class='ocrx_word' id='word_1_355' title='bbox 884 4121 941 4181; x_wconf 86' lang='lat' dir='ltr'><strong>Die</strong></span> <span class='ocrx_word' id='word_1_356' title='bbox 963 4120 1007 4179; x_wconf 90' lang='lat' dir='ltr'><strong>Si·</strong></span> <span class='ocrx_word' id='word_1_357' title='bbox 1112 4122 1183 4189; x_wconf 82' lang='grc'>483)</span> <span class='ocrx_word' id='word_1_358' title='bbox 1206 4118 1658 4194; x_wconf 72' lang='lat' dir='ltr'><strong>sepulcrorepinclabenorum]</strong></span> <span class='ocrx_word' id='word_1_359' title='bbox 1682 4117 1766 4193; x_wconf 88' lang='lat' dir='ltr'><strong>Sunt,</strong></span> <span class='ocrx_word' id='word_1_360' title='bbox 1789 4140 1864 4199; x_wconf 89' lang='lat' dir='ltr'><strong>quae</strong></span> 
     </span>
     <span class='ocr_line' id='line_1_33' title="bbox 192 4215 1865 4301; baseline -0.004 -19"><span class='ocrx_word' id='word_1_361' title='bbox 192 4222 290 4301; x_wconf 90' lang='lat' dir='ltr'><strong>loabq.</strong></span> <span class='ocrx_word' id='word_1_362' title='bbox 313 4243 341 4301; x_wconf 92' lang='lat' dir='ltr'><strong>p.</strong></span> <span class='ocrx_word' id='word_1_363' title='bbox 366 4223 424 4280; x_wconf 89' lang='grc'><strong>208</strong></span> <span class='ocrx_word' id='word_1_364' title='bbox 447 4239 508 4298; x_wconf 86' lang='lat' dir='ltr'><strong>sqq.</strong></span> <span class='ocrx_word' id='word_1_365' title='bbox 1048 4217 1136 4294; x_wconf 86' lang='lat' dir='ltr'><strong>vulgo</strong></span> <span class='ocrx_word' id='word_1_366' title='bbox 1168 4216 1312 4286; x_wconf 88' lang='lat' dir='ltr'><strong>feruntur,</strong></span> <span class='ocrx_word' id='word_1_367' title='bbox 1342 4215 1475 4293; x_wconf 90' lang='lat' dir='ltr'><strong>sepulcra</strong></span> <span class='ocrx_word' id='word_1_368' title='bbox 1501 4237 1610 4295; x_wconf 86' lang='lat' dir='ltr'><strong>regum.</strong></span> <span class='ocrx_word' id='word_1_369' title='bbox 1652 4217 1690 4275; x_wconf 91' lang='lat' dir='ltr'><strong>V.</strong></span> <span class='ocrx_word' id='word_1_370' title='bbox 1711 4217 1865 4277; x_wconf 85' lang='lat' dir='ltr'><strong>Robinson</strong></span> 
     </span>
    </p>

    <p class='ocr_par' dir='ltr' id='par_1_14' title="bbox 193 4314 1864 4495">
     <span class='ocr_line' id='line_1_34' title="bbox 258 4314 1863 4396; baseline -0.002 -16"><span class='ocrx_word' id='word_1_371' title='bbox 258 4325 330 4387; x_wconf 88' lang='grc'>470)</span> <span class='ocrx_word' id='word_1_372' title='bbox 352 4326 395 4376; x_wconf 81' lang='lat' dir='ltr'><strong>cst</strong></span> <span class='ocrx_word' id='word_1_373' title='bbox 418 4321 585 4394; x_wconf 80' lang='lat' dir='ltr'><strong>sepulcrum</strong></span> <span class='ocrx_word' id='word_1_374' title='bbox 607 4319 695 4393; x_wconf 69' lang='lat' dir='ltr'><strong>repis]</strong></span> <span class='ocrx_word' id='word_1_375' title='bbox 716 4318 763 4376; x_wconf 93' lang='lat' dir='ltr'><strong>De</strong></span> <span class='ocrx_word' id='word_1_376' title='bbox 779 4337 835 4396; x_wconf 85' lang='lat' dir='ltr'><strong>quo</strong></span> <span class='ocrx_word' id='word_1_377' title='bbox 851 4339 877 4375; x_wconf 86' lang='lat' dir='ltr'><strong>v.</strong></span> <span class='ocrx_word' id='word_1_378' title='bbox 895 4316 1007 4376; x_wconf 83' lang='lat' dir='ltr'><strong>&#39;Pobler</strong></span> <span class='ocrx_word' id='word_1_379' title='bbox 1048 4316 1112 4375; x_wconf 91' lang='lat' dir='ltr'><strong>Pal.</strong></span> <span class='ocrx_word' id='word_1_380' title='bbox 1141 4316 1182 4375; x_wconf 91' lang='lat' dir='ltr'><strong>Il.</strong></span> <span class='ocrx_word' id='word_1_381' title='bbox 1215 4318 1394 4375; x_wconf 86' lang='grc'>488-194.</span> <span class='ocrx_word' id='word_1_382' title='bbox 1436 4314 1555 4394; x_wconf 87' lang='lat' dir='ltr'><strong>Ioseph.</strong></span> <span class='ocrx_word' id='word_1_383' title='bbox 1584 4316 1619 4377; x_wconf 91' lang='lat' dir='ltr'><strong>B.</strong></span> <span class='ocrx_word' id='word_1_384' title='bbox 1646 4317 1677 4376; x_wconf 90' lang='lat' dir='ltr'><strong>J.</strong></span> <span class='ocrx_word' id='word_1_385' title='bbox 1706 4317 1743 4376; x_wconf 92' lang='lat' dir='ltr'><strong>V.</strong></span> <span class='ocrx_word' id='word_1_386' title='bbox 1773 4324 1804 4386; x_wconf 85' lang='grc'>4,</span> <span class='ocrx_word' id='word_1_387' title='bbox 1837 4324 1863 4376; x_wconf 92' lang='grc'><strong>2.</strong></span> 
     </span>
     <span class='ocr_line' id='line_1_35' title="bbox 193 4412 1864 4495; baseline -0.004 -15"><span class='ocrx_word' id='word_1_388' title='bbox 193 4422 252 4479; x_wconf 86' lang='lat' dir='ltr'><strong>Die</strong></span> <span class='ocrx_word' id='word_1_389' title='bbox 276 4417 476 4495; x_wconf 83' lang='lat' dir='ltr'><strong>Siloahquelle</strong></span> <span class='ocrx_word' id='word_1_390' title='bbox 498 4439 525 4495; x_wconf 93' lang='lat' dir='ltr'><strong>p.</strong></span> <span class='ocrx_word' id='word_1_391' title='bbox 550 4422 607 4477; x_wconf 83' lang='lat'><strong>304</strong></span> <span class='ocrx_word' id='word_1_392' title='bbox 632 4438 674 4495; x_wconf 92' lang='lat' dir='ltr'><strong>sq.</strong></span> <span class='ocrx_word' id='word_1_393' title='bbox 1049 4414 1177 4473; x_wconf 90' lang='lat' dir='ltr'><strong>Pausan.</strong></span> <span class='ocrx_word' id='word_1_394' title='bbox 1199 4414 1300 4473; x_wconf 87' lang='lat' dir='ltr'><strong>Descr.</strong></span> <span class='ocrx_word' id='word_1_395' title='bbox 1324 4412 1429 4472; x_wconf 79' lang='lat' dir='ltr'><strong>Gracc.</strong></span> <span class='ocrx_word' id='word_1_396' title='bbox 1444 4414 1531 4474; x_wconf 90' lang='lat' dir='ltr'>VIII.</span> <span class='ocrx_word' id='word_1_397' title='bbox 1555 4421 1590 4474; x_wconf 88' lang='grc'>46</span> <span class='ocrx_word' id='word_1_398' title='bbox 1612 4416 1641 4474; x_wconf 90' lang='lat' dir='ltr'><strong>iu</strong></span> <span class='ocrx_word' id='word_1_399' title='bbox 1664 4417 1731 4475; x_wconf 88' lang='lat' dir='ltr'><strong>fine.</strong></span> <span class='ocrx_word' id='word_1_400' title='bbox 1745 4448 1786 4457; x_wconf 92' lang='lat'>-</span> <span class='ocrx_word' id='word_1_401' title='bbox 1809 4414 1864 4474; x_wconf 83' lang='lat' dir='ltr'><strong>Ce-</strong></span> 
     </span>
    </p>

    <p class='ocr_par' dir='ltr' id='par_1_15' title="bbox 193 4512 1864 4892">
     <span class='ocr_line' id='line_1_36' title="bbox 259 4512 1864 4591; baseline -0.004 -13"><span class='ocrx_word' id='word_1_402' title='bbox 259 4525 328 4591; x_wconf 79' lang='grc'>477)</span> <span class='ocrx_word' id='word_1_403' title='bbox 343 4520 419 4588; x_wconf 81' lang='lat' dir='ltr'><strong>sous</strong></span> <span class='ocrx_word' id='word_1_404' title='bbox 434 4516 521 4589; x_wconf 81' lang='lat' dir='ltr'><strong>Siloc]</strong></span> <span class='ocrx_word' id='word_1_405' title='bbox 543 4516 631 4573; x_wconf 89' lang='lat' dir='ltr'><strong>Hunc</strong></span> <span class='ocrx_word' id='word_1_406' title='bbox 643 4513 804 4573; x_wconf 87' lang='lat' dir='ltr'><strong>Burcbardi</strong></span> <span class='ocrx_word' id='word_1_407' title='bbox 818 4514 915 4573; x_wconf 90' lang='lat' dir='ltr'><strong>locum</strong></span> <span class='ocrx_word' id='word_1_408' title='bbox 932 4535 1008 4572; x_wconf 90' lang='lat' dir='ltr'><strong>com·</strong></span> <span class='ocrx_word' id='word_1_409' title='bbox 1049 4522 1141 4571; x_wconf 87' lang='lat' dir='ltr'><strong>terum</strong></span> <span class='ocrx_word' id='word_1_410' title='bbox 1168 4512 1330 4570; x_wconf 89' lang='lat' dir='ltr'><strong>Burcbardi</strong></span> <span class='ocrx_word' id='word_1_411' title='bbox 1357 4512 1452 4570; x_wconf 91' lang='lat' dir='ltr'><strong>locum</strong></span> <span class='ocrx_word' id='word_1_412' title='bbox 1480 4534 1560 4573; x_wconf 90' lang='lat' dir='ltr'><strong>more</strong></span> <span class='ocrx_word' id='word_1_413' title='bbox 1587 4534 1639 4572; x_wconf 93' lang='lat' dir='ltr'><strong>suo</strong></span> <span class='ocrx_word' id='word_1_414' title='bbox 1671 4514 1710 4572; x_wconf 91' lang='lat' dir='ltr'><strong>ad</strong></span> <span class='ocrx_word' id='word_1_415' title='bbox 1742 4512 1864 4572; x_wconf 81' lang='lat' dir='ltr'><strong>verbum</strong></span> 
     </span>
     <span class='ocr_line' id='line_1_37' title="bbox 194 4610 1864 4690; baseline -0.005 -12"><span class='ocrx_word' id='word_1_416' title='bbox 194 4626 340 4678; x_wconf 91' lang='lat' dir='ltr'><strong>mentatur</strong></span> <span class='ocrx_word' id='word_1_417' title='bbox 369 4613 521 4673; x_wconf 87' lang='lat' dir='ltr'><strong>Robinson</strong></span> <span class='ocrx_word' id='word_1_418' title='bbox 549 4614 612 4675; x_wconf 89' lang='lat' dir='ltr'><strong>Pal.</strong></span> <span class='ocrx_word' id='word_1_419' title='bbox 641 4615 681 4673; x_wconf 94' lang='lat' dir='ltr'><strong>Il.</strong></span> <span class='ocrx_word' id='word_1_420' title='bbox 714 4620 777 4674; x_wconf 79' lang='grc'>444,</span> <span class='ocrx_word' id='word_1_421' title='bbox 820 4616 901 4671; x_wconf 84' lang='lat' dir='ltr'><strong>Fons</strong></span> <span class='ocrx_word' id='word_1_422' title='bbox 930 4614 1008 4671; x_wconf 82' lang='lat' dir='ltr'><strong>Silae</strong></span> <span class='ocrx_word' id='word_1_423' title='bbox 1049 4610 1203 4690; x_wconf 86' lang='lat' dir='ltr'><strong>descripsit</strong></span> <span class='ocrx_word' id='word_1_424' title='bbox 1224 4612 1354 4670; x_wconf 86' lang='lat' dir='ltr'><strong>Marinus</strong></span> <span class='ocrx_word' id='word_1_425' title='bbox 1376 4610 1504 4670; x_wconf 90' lang='lat' dir='ltr'><strong>Sanutus</strong></span> <span class='ocrx_word' id='word_1_426' title='bbox 1530 4612 1617 4671; x_wconf 79' lang='lat' dir='ltr'><strong>Tora.</strong></span> <span class='ocrx_word' id='word_1_427' title='bbox 1646 4620 1758 4672; x_wconf 87' lang='lat' dir='ltr'><strong>secreta</strong></span> <span class='ocrx_word' id='word_1_428' title='bbox 1786 4610 1864 4671; x_wconf 87' lang='lat' dir='ltr'><strong>fidel.</strong></span> 
     </span>
     <span class='ocr_line' id='line_1_38' title="bbox 194 4710 1863 4792; baseline -0.005 -15"><span class='ocrx_word' id='word_1_429' title='bbox 194 4728 238 4777; x_wconf 90' lang='lat' dir='ltr'><strong>cst</strong></span> <span class='ocrx_word' id='word_1_430' title='bbox 262 4717 328 4775; x_wconf 86' lang='lat' dir='ltr'><strong>ions</strong></span> <span class='ocrx_word' id='word_1_431' title='bbox 351 4713 480 4784; x_wconf 88' lang='lat' dir='ltr'><strong>Mariae,</strong></span> <span class='ocrx_word' id='word_1_432' title='bbox 509 4734 595 4792; x_wconf 89' lang='lat' dir='ltr'><strong>quem</strong></span> <span class='ocrx_word' id='word_1_433' title='bbox 622 4712 695 4771; x_wconf 90' lang='lat' dir='ltr'><strong>libro</strong></span> <span class='ocrx_word' id='word_1_434' title='bbox 724 4730 813 4791; x_wconf 87' lang='lat' dir='ltr'><strong>saepe</strong></span> <span class='ocrx_word' id='word_1_435' title='bbox 842 4711 1007 4770; x_wconf 88' lang='lat' dir='ltr'><strong>collaudato</strong></span> <span class='ocrx_word' id='word_1_436' title='bbox 1049 4730 1123 4771; x_wconf 86' lang='lat' dir='ltr'><strong>eruc.</strong></span> <span class='ocrx_word' id='word_1_437' title='bbox 1148 4711 1196 4770; x_wconf 93' lang='lat' dir='ltr'><strong>lib.</strong></span> <span class='ocrx_word' id='word_1_438' title='bbox 1216 4711 1265 4770; x_wconf 91' lang='lat' dir='ltr'><strong>III</strong></span> <span class='ocrx_word' id='word_1_439' title='bbox 1287 4720 1369 4789; x_wconf 87' lang='lat' dir='ltr'><strong>parte</strong></span> <span class='ocrx_word' id='word_1_440' title='bbox 1390 4710 1467 4770; x_wconf 86' lang='lat' dir='ltr'><strong>XIV</strong></span> <span class='ocrx_word' id='word_1_441' title='bbox 1490 4732 1555 4790; x_wconf 89' lang='lat' dir='ltr'><strong>cap.</strong></span> <span class='ocrx_word' id='word_1_442' title='bbox 1573 4711 1621 4770; x_wconf 92' lang='lat' dir='ltr'><strong>IX</strong></span> <span class='ocrx_word' id='word_1_443' title='bbox 1644 4732 1671 4789; x_wconf 91' lang='lat' dir='ltr'><strong>p.</strong></span> <span class='ocrx_word' id='word_1_444' title='bbox 1694 4714 1762 4771; x_wconf 83' lang='grc'>255.</span> <span class='ocrx_word' id='word_1_445' title='bbox 1805 4711 1863 4769; x_wconf 89' lang='lat' dir='ltr'><strong>Ne-</strong></span> 
     </span>
     <span class='ocr_line' id='line_1_39' title="bbox 193 4809 1863 4892; baseline -0.004 -17"><span class='ocrx_word' id='word_1_446' title='bbox 193 4814 346 4892; x_wconf 89' lang='lat' dir='ltr'><strong>descripsit</strong></span> <span class='ocrx_word' id='word_1_447' title='bbox 369 4813 456 4871; x_wconf 89' lang='lat' dir='ltr'><strong>Titus</strong></span> <span class='ocrx_word' id='word_1_448' title='bbox 479 4812 633 4871; x_wconf 89' lang='lat' dir='ltr'><strong>Toblerus.</strong></span> <span class='ocrx_word' id='word_1_449' title='bbox 1049 4829 1105 4887; x_wconf 86' lang='lat' dir='ltr'><strong>que</strong></span> <span class='ocrx_word' id='word_1_450' title='bbox 1134 4810 1221 4886; x_wconf 82' lang='lat' dir='ltr'><strong>igitur</strong></span> <span class='ocrx_word' id='word_1_451' title='bbox 1254 4819 1332 4881; x_wconf 83' lang='lat' dir='ltr'><strong>orat,</strong></span> <span class='ocrx_word' id='word_1_452' title='bbox 1356 4809 1434 4888; x_wconf 76' lang='lat' dir='ltr'><strong>(prod</strong></span> <span class='ocrx_word' id='word_1_453' title='bbox 1458 4810 1549 4881; x_wconf 92' lang='lat' dir='ltr'><strong>hunc,</strong></span> <span class='ocrx_word' id='word_1_454' title='bbox 1577 4831 1637 4867; x_wconf 88' lang='lat' dir='ltr'><strong>nou</strong></span> <span class='ocrx_word' id='word_1_455' title='bbox 1665 4809 1863 4869; x_wconf 89' lang='lat' dir='ltr'><strong>Burcbardum</strong></span> 
     </span>
    </p>

    <p class='ocr_par' dir='ltr' id='par_1_16' title="bbox 193 4908 1864 5189">
     <span class='ocr_line' id='line_1_40' title="bbox 258 4908 1864 4987; baseline -0.003 -14"><span class='ocrx_word' id='word_1_456' title='bbox 258 4917 328 4986; x_wconf 86' lang='grc'>478)</span> <span class='ocrx_word' id='word_1_457' title='bbox 343 4932 403 4987; x_wconf 83' lang='lat' dir='ltr'><strong>per</strong></span> <span class='ocrx_word' id='word_1_458' title='bbox 424 4911 626 4987; x_wconf 81' lang='lat' dir='ltr'><strong>aqueductum]</strong></span> <span class='ocrx_word' id='word_1_459' title='bbox 649 4911 738 4969; x_wconf 87' lang='lat' dir='ltr'><strong>Hunc</strong></span> <span class='ocrx_word' id='word_1_460' title='bbox 759 4932 836 4970; x_wconf 92' lang='lat' dir='ltr'><strong>anno</strong></span> <span class='ocrx_word' id='word_1_461' title='bbox 863 4916 939 4972; x_wconf 87' lang='grc'>1840</span> <span class='ocrx_word' id='word_1_462' title='bbox 957 4912 1008 4969; x_wconf 84' lang='lat' dir='ltr'><strong>Ti-</strong></span> <span class='ocrx_word' id='word_1_463' title='bbox 1049 4917 1195 4966; x_wconf 85' lang='lat' dir='ltr'><strong>auctorem</strong></span> <span class='ocrx_word' id='word_1_464' title='bbox 1218 4909 1319 4966; x_wconf 88' lang='lat' dir='ltr'><strong>citaret</strong></span> <span class='ocrx_word' id='word_1_465' title='bbox 1339 4909 1527 4967; x_wconf 78' lang='lat' dir='ltr'><strong>Itobiusonus</strong></span> <span class='ocrx_word' id='word_1_466' title='bbox 1548 4908 1611 4968; x_wconf 78' lang='lat' dir='ltr'><strong>l&#39;al.</strong></span> <span class='ocrx_word' id='word_1_467' title='bbox 1633 4908 1676 4968; x_wconf 88' lang='lat' dir='ltr'><strong>II.</strong></span> <span class='ocrx_word' id='word_1_468' title='bbox 1703 4913 1767 4968; x_wconf 88' lang='grc'>403.</span> <span class='ocrx_word' id='word_1_469' title='bbox 1803 4909 1864 4968; x_wconf 91' lang='lat' dir='ltr'><strong>An·</strong></span> 
     </span>
     <span class='ocr_line' id='line_1_41' title="bbox 194 5006 1863 5090; baseline -0.002 -20"><span class='ocrx_word' id='word_1_470' title='bbox 194 5020 241 5071; x_wconf 89' lang='lat' dir='ltr'><strong>tus</strong></span> <span class='ocrx_word' id='word_1_471' title='bbox 255 5010 402 5070; x_wconf 86' lang='lat' dir='ltr'><strong>Toblerus</strong></span> <span class='ocrx_word' id='word_1_472' title='bbox 424 5012 487 5089; x_wconf 88' lang='lat' dir='ltr'><strong>ipse</strong></span> <span class='ocrx_word' id='word_1_473' title='bbox 509 5010 567 5067; x_wconf 91' lang='lat' dir='ltr'><strong>suis</strong></span> <span class='ocrx_word' id='word_1_474' title='bbox 589 5009 713 5089; x_wconf 91' lang='lat' dir='ltr'><strong>pedibus</strong></span> <span class='ocrx_word' id='word_1_475' title='bbox 736 5011 908 5090; x_wconf 87' lang='lat' dir='ltr'><strong>penetravit.</strong></span> <span class='ocrx_word' id='word_1_476' title='bbox 942 5008 1008 5069; x_wconf 85' lang='lat' dir='ltr'><strong>Vid.</strong></span> <span class='ocrx_word' id='word_1_477' title='bbox 1049 5008 1129 5084; x_wconf 88' lang='lat' dir='ltr'><strong>tiqua</strong></span> <span class='ocrx_word' id='word_1_478' title='bbox 1164 5006 1280 5085; x_wconf 88' lang='lat' dir='ltr'><strong>quidem</strong></span> <span class='ocrx_word' id='word_1_479' title='bbox 1320 5009 1437 5086; x_wconf 89' lang='lat' dir='ltr'><strong>scriptio</strong></span> <span class='ocrx_word' id='word_1_480' title='bbox 1472 5018 1516 5065; x_wconf 88' lang='lat' dir='ltr'><strong>est</strong></span> <span class='ocrx_word' id='word_1_481' title='bbox 1544 5008 1741 5084; x_wconf 81' lang='lat' dir='ltr'><strong>Iabeuorum,</strong></span> <span class='ocrx_word' id='word_1_482' title='bbox 1776 5029 1863 5087; x_wconf 70' lang='lat' dir='ltr'><strong>(luam</strong></span> 
     </span>
     <span class='ocr_line' id='line_1_42' title="bbox 193 5104 1864 5189; baseline -0.002 -20"><span class='ocrx_word' id='word_1_483' title='bbox 193 5111 252 5170; x_wconf 89' lang='lat' dir='ltr'><strong>Die</strong></span> <span class='ocrx_word' id='word_1_484' title='bbox 278 5107 476 5189; x_wconf 86' lang='lat' dir='ltr'><strong>Siloabquelle</strong></span> <span class='ocrx_word' id='word_1_485' title='bbox 504 5130 532 5186; x_wconf 90' lang='lat' dir='ltr'><strong>p.</strong></span> <span class='ocrx_word' id='word_1_486' title='bbox 556 5113 571 5166; x_wconf 93' lang='grc'>7</span> <span class='ocrx_word' id='word_1_487' title='bbox 601 5128 642 5187; x_wconf 87' lang='lat' dir='ltr'><strong>sq.</strong></span> <span class='ocrx_word' id='word_1_488' title='bbox 1051 5104 1179 5163; x_wconf 82' lang='lat' dir='ltr'><strong>Sanutus</strong></span> <span class='ocrx_word' id='word_1_489' title='bbox 1208 5125 1323 5184; x_wconf 89' lang='lat' dir='ltr'><strong>quoque</strong></span> <span class='ocrx_word' id='word_1_490' title='bbox 1353 5105 1443 5164; x_wconf 89' lang='lat' dir='ltr'><strong>habet</strong></span> <span class='ocrx_word' id='word_1_491' title='bbox 1461 5126 1488 5184; x_wconf 91' lang='lat' dir='ltr'><strong>p.</strong></span> <span class='ocrx_word' id='word_1_492' title='bbox 1512 5109 1585 5175; x_wconf 84' lang='lat'><strong>255,</strong></span> <span class='ocrx_word' id='word_1_493' title='bbox 1612 5107 1661 5184; x_wconf 84' lang='lat' dir='ltr'><strong>qui</strong></span> <span class='ocrx_word' id='word_1_494' title='bbox 1680 5107 1770 5185; x_wconf 84' lang='lat' dir='ltr'><strong>paulo</strong></span> <span class='ocrx_word' id='word_1_495' title='bbox 1793 5108 1864 5167; x_wconf 88' lang='lat' dir='ltr'><strong>infe-</strong></span> 
     </span>
    </p>

    <p class='ocr_par' dir='ltr' id='par_1_17' title="bbox 194 5204 1864 5674">
     <span class='ocr_line' id='line_1_43' title="bbox 255 5204 1864 5285; baseline -0.003 -15"><span class='ocrx_word' id='word_1_496' title='bbox 255 5213 327 5282; x_wconf 91' lang='grc'>479)</span> <span class='ocrx_word' id='word_1_497' title='bbox 349 5210 384 5266; x_wconf 86' lang='lat' dir='ltr'><strong>de</strong></span> <span class='ocrx_word' id='word_1_498' title='bbox 398 5213 487 5281; x_wconf 82' lang='lat' dir='ltr'><strong>sonte</strong></span> <span class='ocrx_word' id='word_1_499' title='bbox 512 5207 590 5267; x_wconf 81' lang='lat' dir='ltr'><strong>Gioa</strong></span> <span class='ocrx_word' id='word_1_500' title='bbox 611 5207 764 5282; x_wconf 83' lang='lat' dir='ltr'><strong>inferiore]</strong></span> <span class='ocrx_word' id='word_1_501' title='bbox 796 5206 841 5266; x_wconf 83' lang='lat' dir='ltr'><strong>cf.</strong></span> <span class='ocrx_word' id='word_1_502' title='bbox 867 5226 942 5285; x_wconf 90' lang='lat' dir='ltr'><strong>quae</strong></span> <span class='ocrx_word' id='word_1_503' title='bbox 963 5227 1009 5264; x_wconf 89' lang='lat' dir='ltr'><strong>su·</strong></span> <span class='ocrx_word' id='word_1_504' title='bbox 1049 5205 1108 5263; x_wconf 90' lang='lat' dir='ltr'><strong>rius</strong></span> <span class='ocrx_word' id='word_1_505' title='bbox 1138 5225 1167 5282; x_wconf 92' lang='lat' dir='ltr'><strong>p.</strong></span> <span class='ocrx_word' id='word_1_506' title='bbox 1197 5208 1255 5264; x_wconf 78' lang='grc'><strong>250</strong></span> <span class='ocrx_word' id='word_1_507' title='bbox 1281 5204 1477 5278; x_wconf 79' lang='lat' dir='ltr'><strong>Abipenorum</strong></span> <span class='ocrx_word' id='word_1_508' title='bbox 1508 5204 1640 5279; x_wconf 89' lang='lat' dir='ltr'><strong>reginum</strong></span> <span class='ocrx_word' id='word_1_509' title='bbox 1676 5205 1747 5264; x_wconf 91' lang='lat' dir='ltr'><strong>dicit</strong></span> <span class='ocrx_word' id='word_1_510' title='bbox 1773 5206 1864 5265; x_wconf 88' lang='lat' dir='ltr'><strong>Hele·</strong></span> 
     </span>
     <span class='ocr_line' id='line_1_44' title="bbox 194 5302 1863 5388; baseline -0.002 -21"><span class='ocrx_word' id='word_1_511' title='bbox 194 5329 247 5388; x_wconf 88' lang='lat' dir='ltr'><strong>pra</strong></span> <span class='ocrx_word' id='word_1_512' title='bbox 268 5308 355 5368; x_wconf 93' lang='lat' dir='ltr'>VIII.</span> <span class='ocrx_word' id='word_1_513' title='bbox 382 5313 393 5367; x_wconf 93' lang='lat'>1</span> <span class='ocrx_word' id='word_1_514' title='bbox 418 5328 446 5386; x_wconf 91' lang='lat' dir='ltr'><strong>p.</strong></span> <span class='ocrx_word' id='word_1_515' title='bbox 471 5309 527 5367; x_wconf 83' lang='grc'><strong>442</strong></span> <span class='ocrx_word' id='word_1_516' title='bbox 558 5312 687 5364; x_wconf 86' lang='lat' dir='ltr'><strong>exstant:</strong></span> <span class='ocrx_word' id='word_1_517' title='bbox 716 5314 744 5362; x_wconf 82' lang='lat' dir='ltr'><strong>ct</strong></span> <span class='ocrx_word' id='word_1_518' title='bbox 769 5307 803 5361; x_wconf 85' lang='lat' dir='ltr'><strong>de</strong></span> <span class='ocrx_word' id='word_1_519' title='bbox 825 5307 913 5377; x_wconf 77' lang='lat' dir='ltr'><strong>fonte</strong></span> <span class='ocrx_word' id='word_1_520' title='bbox 935 5305 1009 5376; x_wconf 79' lang='lat' dir='ltr'><strong>inse·</strong></span> <span class='ocrx_word' id='word_1_521' title='bbox 1050 5323 1127 5375; x_wconf 88' lang='lat' dir='ltr'><strong>nam,</strong></span> <span class='ocrx_word' id='word_1_522' title='bbox 1147 5302 1262 5375; x_wconf 89' lang='lat' dir='ltr'><strong>oblitus,</strong></span> <span class='ocrx_word' id='word_1_523' title='bbox 1285 5321 1360 5380; x_wconf 87' lang='lat' dir='ltr'><strong>quae</strong></span> <span class='ocrx_word' id='word_1_524' title='bbox 1382 5302 1470 5380; x_wconf 92' lang='lat' dir='ltr'><strong>paulo</strong></span> <span class='ocrx_word' id='word_1_525' title='bbox 1493 5311 1561 5360; x_wconf 86' lang='lat' dir='ltr'><strong>aute</strong></span> <span class='ocrx_word' id='word_1_526' title='bbox 1583 5323 1601 5361; x_wconf 93' lang='lat' dir='ltr'><strong>a</strong></span> <span class='ocrx_word' id='word_1_527' title='bbox 1621 5303 1791 5363; x_wconf 90' lang='lat' dir='ltr'><strong>Burcbardo</strong></span> <span class='ocrx_word' id='word_1_528' title='bbox 1814 5304 1863 5364; x_wconf 87' lang='lat' dir='ltr'><strong>da-</strong></span> 
     </span>
     <span class='ocr_line' id='line_1_45' title="bbox 195 5401 1863 5482; baseline -0.001 -17"><span class='ocrx_word' id='word_1_529' title='bbox 195 5408 271 5465; x_wconf 84' lang='lat' dir='ltr'><strong>riori</strong></span> <span class='ocrx_word' id='word_1_530' title='bbox 295 5405 381 5466; x_wconf 79' lang='lat' dir='ltr'><strong>Gioa.</strong></span> <span class='ocrx_word' id='word_1_531' title='bbox 425 5405 481 5463; x_wconf 84' lang='lat' dir='ltr'><strong>Est</strong></span> <span class='ocrx_word' id='word_1_532' title='bbox 500 5424 601 5463; x_wconf 89' lang='lat' dir='ltr'><strong>recens</strong></span> <span class='ocrx_word' id='word_1_533' title='bbox 624 5402 725 5461; x_wconf 79' lang='lat' dir='ltr'><strong>Birlret</strong></span> <span class='ocrx_word' id='word_1_534' title='bbox 747 5401 906 5475; x_wconf 72' lang='lat' dir='ltr'><strong>‹es-Sultrin,</strong></span> <span class='ocrx_word' id='word_1_535' title='bbox 928 5404 1008 5463; x_wconf 91' lang='lat' dir='ltr'><strong>lacus</strong></span> <span class='ocrx_word' id='word_1_536' title='bbox 1049 5403 1174 5481; x_wconf 88' lang='lat' dir='ltr'><strong>scripsit.</strong></span> <span class='ocrx_word' id='word_1_537' title='bbox 1229 5402 1406 5459; x_wconf 83' lang='lat' dir='ltr'><strong>Iabeaorum</strong></span> <span class='ocrx_word' id='word_1_538' title='bbox 1441 5409 1485 5460; x_wconf 88' lang='lat' dir='ltr'><strong>est</strong></span> <span class='ocrx_word' id='word_1_539' title='bbox 1522 5402 1539 5462; x_wconf 86' lang='lat' dir='ltr'><strong>i.</strong></span> <span class='ocrx_word' id='word_1_540' title='bbox 1573 5422 1600 5482; x_wconf 91' lang='lat' dir='ltr'><strong>q.</strong></span> <span class='ocrx_word' id='word_1_541' title='bbox 1632 5401 1863 5463; x_wconf 86' lang='lat' dir='ltr'><strong>Adiabenorum.</strong></span> 
     </span>
     <span class='ocr_line' id='line_1_46' title="bbox 196 5498 1863 5581; baseline -0.002 -18"><span class='ocrx_word' id='word_1_542' title='bbox 196 5504 318 5566; x_wconf 87' lang='lat' dir='ltr'><strong>Sultani.</strong></span> <span class='ocrx_word' id='word_1_543' title='bbox 363 5502 401 5562; x_wconf 89' lang='lat' dir='ltr'><strong>V.</strong></span> <span class='ocrx_word' id='word_1_544' title='bbox 431 5502 543 5562; x_wconf 85' lang='lat' dir='ltr'><strong>Tobler</strong></span> <span class='ocrx_word' id='word_1_545' title='bbox 565 5501 695 5581; x_wconf 81' lang='lat' dir='ltr'><strong>Topogr.</strong></span> <span class='ocrx_word' id='word_1_546' title='bbox 722 5522 749 5560; x_wconf 87' lang='lat' dir='ltr'><strong>v.</strong></span> <span class='ocrx_word' id='word_1_547' title='bbox 771 5500 869 5560; x_wconf 83' lang='lat' dir='ltr'><strong>Jerus.</strong></span> <span class='ocrx_word' id='word_1_548' title='bbox 897 5503 940 5561; x_wconf 90' lang='grc' dir='ltr'><strong>Π.</strong></span> <span class='ocrx_word' id='word_1_549' title='bbox 970 5507 1007 5563; x_wconf 86' lang='grc'><strong>69</strong></span> <span class='ocrx_word' id='word_1_550' title='bbox 1048 5500 1180 5574; x_wconf 88' lang='lat' dir='ltr'><strong>Helena,</strong></span> <span class='ocrx_word' id='word_1_551' title='bbox 1210 5498 1467 5559; x_wconf 88' lang='lat' dir='ltr'><strong>Adiabenaeorum</strong></span> <span class='ocrx_word' id='word_1_552' title='bbox 1488 5500 1605 5577; x_wconf 85' lang='lat' dir='ltr'><strong>regina,</strong></span> <span class='ocrx_word' id='word_1_553' title='bbox 1637 5521 1739 5578; x_wconf 85' lang='lat' dir='ltr'><strong>regum</strong></span> <span class='ocrx_word' id='word_1_554' title='bbox 1760 5502 1863 5560; x_wconf 88' lang='lat' dir='ltr'><strong>Izatae</strong></span> 
     </span>
     <span class='ocr_line' id='line_1_47' title="bbox 194 5598 1863 5674; baseline -0.003 -11"><span class='ocrx_word' id='word_1_555' title='bbox 194 5612 223 5663; x_wconf 84' lang='lat' dir='ltr'><strong>et</strong></span> <span class='ocrx_word' id='word_1_556' title='bbox 243 5612 301 5663; x_wconf 87' lang='lat' dir='ltr'><strong>not.</strong></span> <span class='ocrx_word' id='word_1_557' title='bbox 320 5608 348 5664; x_wconf 85' lang='lat'><strong>9.</strong></span> <span class='ocrx_word' id='word_1_558' title='bbox 1049 5610 1079 5660; x_wconf 91' lang='lat' dir='ltr'><strong>et</strong></span> <span class='ocrx_word' id='word_1_559' title='bbox 1097 5599 1282 5658; x_wconf 81' lang='lat' dir='ltr'><strong>Monobazus</strong></span> <span class='ocrx_word' id='word_1_560' title='bbox 1309 5608 1414 5674; x_wconf 86' lang='lat' dir='ltr'><strong>muter,</strong></span> <span class='ocrx_word' id='word_1_561' title='bbox 1444 5618 1509 5658; x_wconf 89' lang='lat' dir='ltr'><strong>cum</strong></span> <span class='ocrx_word' id='word_1_562' title='bbox 1536 5599 1602 5658; x_wconf 87' lang='lat' dir='ltr'><strong>filiis</strong></span> <span class='ocrx_word' id='word_1_563' title='bbox 1624 5599 1661 5659; x_wconf 90' lang='lat' dir='ltr'><strong>ad</strong></span> <span class='ocrx_word' id='word_1_564' title='bbox 1683 5598 1863 5658; x_wconf 89' lang='lat' dir='ltr'><strong>Iudaismum</strong></span> 
     </span>
    </p>
   </div>
   <div class='ocr_carea' id='block_1_10' title="bbox 0 0 2114 6096">
    <p class='ocr_par' dir='ltr' id='par_1_18' title="bbox 0 0 2114 6096">
     <span class='ocr_line' id='line_1_48' title="bbox 0 0 2114 6096; baseline 0 0"><span class='ocrx_word' id='word_1_565' title='bbox 0 0 2114 6096; x_wconf 95' lang='lat' dir='ltr'><strong> </strong></span> 
     </span>
    </p>
   </div>
  </div>
 </body>
</html>
