4214 6096
973 346 1011 407 53

159 527 302 615 peccatis
321 525 525 612 exigentibus
546 547 606 590 nee
628 546 725 589 unam
749 524 846 589 habet
869 522 1007 605 demum,
1029 524 1093 587 nisi
1116 522 1198 589 duas
1220 522 1391 604 ecclesias,
1421 536 1622 589 constructas
1644 525 1771 611 quidem
1794 528 1828 591 in

155 644 277 709 honore
299 643 403 706 sancti
425 640 578 705 Iohannis
599 640 758 726 baptiste,
791 638 848 704 sed
874 639 914 704 de
939 662 1017 715 una,
1047 662 1108 725 que
1135 638 1327 725 priucipalis
1357 653 1427 703 erat
1455 649 1487 702 ct
1507 637 1600 703 sedes
1622 639 1827 722 cathedralis,

156 758 329 825 Sarraceni
356 756 502 821 lecerunt
528 755 591 821 sibi
618 755 848 820 mahomeriam
856 760 885 832 1)
891 803 900 836 ,
928 765 960 819 et
991 757 1132 820 maxime
1154 754 1194 819 de
1222 753 1370 840 sepulcro
1403 753 1545 818 eiusdem
1565 755 1654 819 beati
1674 755 1828 821 Iohannis

155 875 308 961 baptiste,
330 871 417 957 quod
437 872 477 936 de
500 894 660 936 marmore
680 872 739 935 fuit
757 871 878 935 factum
893 870 936 935 ad
951 873 1054 935 instar
1067 870 1214 957 Sepulcri
1227 871 1404 952 Dominici,
1425 870 1482 934 ubi
1497 870 1583 935 idem
1600 884 1729 935 sanctus
1744 872 1827 936 inter

154 991 323 1057 Heliscum
345 1000 378 1053 et
398 987 611 1063 Abdiam³⁴⁵)
640 986 832 1072 prophetant
863 986 969 1050 fuerat
1000 986 1154 1073 sepultus.
1195 988 1264 1051 Ista
1291 986 1427 1050 eeclesia
1455 997 1503 1050 est
1528 989 1561 1050 in
1587 986 1688 1052 latere
1709 990 1827 1052 montis

155 1107 327 1193 pesita,.in
350 1103 515 1169 descensu.
559 1102 731 1167 Sarraceni
754 1113 861 1166 autem
883 1101 1011 1166 beatum
1032 1102 1209 1167 Iohannem
1231 1102 1365 1167 rnulttun
1386 1102 1547 1167 honorant
1569 1116 1642 1188 post
1662 1102 1827 1169 Christum

156 1231 187 1286 et
211 1221 342 1287 beatam
368 1221 545 1305 uIrginem,
577 1218 617 1283 de
646 1220 719 1304 ipso
746 1240 865 1303 magna
893 1218 1080 1282 sentientes.
1122 1218 1246 1283 Dicunt
1276 1220 1358 1282 enim
1382 1217 1546 1285 Christum
1576 1221 1736 1283 ueraciter
1758 1242 1828 1285 esse

155 1336 300 1403 Uerbum
314 1336 389 1417 Dei,
410 1335 517 1399 Deum
540 1344 647 1399 tamen
670 1357 740 1399 esse
762 1345 890 1419 negant.
932 1334 1069 1397 Beatam
1091 1335 1248 1420 uirginem
1272 1334 1382 1398 dicunt
1406 1334 1446 1399 de
1468 1333 1593 1420 Spiritu
1611 1334 1731 1400 Sancto
1754 1358 1827 1400 con·

156 1454 292 1539 cepisse,
313 1452 475 1535 uirginem
495 1454 662 1537 peperisse
683 1462 715 1514 et
733 1451 891 1534 uirginem
914 1453 1140 1535 permansisse.
1181 1450 1357 1515 Iohannem
1387 1472 1465 1515 uere
1489 1449 1600 1515 dicunt
1621 1473 1773 1537 magnrmr
1797 1462 1831 1516 et

156 1569 394 1633 sanctissimum
416 1565 648 1653 prophetarum
668 1567 777 1630 fuisse.
820 1565 1059 1629 Machemetum
1081 1565 1191 1630 dicunt
1211 1568 1363 1631 nuncium
1381 1566 1447 1631 Dei
1467 1567 1567 1631 luisse
1588 1567 1680 1632 etad
1703 1589 1738 1631 se
1759 1582 1829 1633 tan·

156 1694 224 1749 turn
247 1706 268 1748 a
286 1684 358 1747 Dee
381 1684 523 1746 missum.
565 1681 639 1745 Hoc
659 1680 723 1766 legi
745 1683 778 1744 in
800 1680 953 1745 alcorano
966 1681 1040 1762 ³⁴⁰),
1072 1683 1125 1767 qui
1147 1692 1197 1745 est
1218 1681 1300 1747 liber
1322 1680 1404 1766 legis
1426 1705 1545 1748 eorum.
1568 1720 1601 1727 -
1634 1682 1710 1747 Alia
1730 1683 1829 1747 eecle-

159 1801 206 1863 sia
236 1808 286 1863 est
313 1800 347 1861 in
377 1797 548 1884 supercilio
576 1799 709 1878 montis,
742 1796 797 1861 uhi
820 1808 890 1860 erat
910 1796 1071 1882 palacium
1092 1801 1187 1883 regis.
1230 1797 1325 1861 Hanc
1353 1800 1441 1883 greci
1464 1797 1648 1862 inhabitant
1669 1798 1828 1880 monaehi,

159 1914 353 1995 Christiani,
383 1915 437 2001 qui
463 1935 515 1977 me
541 1912 680 1997 benigne
705 1922 896 1997 receperunt
924 1924 957 1976 et
984 1924 1150 1998 pauerunt.
1202 1914 1240 1977 In
1268 1913 1405 1978 ecclesia
1440 1917 1503 1979 ista
1530 1914 1702 1979 ostendunt
1731 1914 1829 1979 iidem

159 2030 258 2097 Greci
278 2029 402 2110 lecum,
432 2028 488 2093 ubi
508 2027 684 2093 Iohannem
710 2029 947 2092 incarceratum
974 2029 1075 2094 titisse
1097 2028 1207 2094 dicunt
1229 2045 1260 2093 et
1282 2029 1475 2095 decollatum
1496 2029 1538 2094 ab
1560 2030 1712 2113 Herode3
1744 2031 1830 2116 quod

158 2169 216 2233 ego
235 2145 385 2211 friuolam
409 2144 491 2227 dico,
515 2145 592 2229 quia
612 2144 832 2221 chronica³⁴⁷l
855 2158 886 2207 et
902 2144 1058 2231 Iosephus
1070 2144 1126 2221 ³⁴⁸)
1149 2155 1181 2208 et
1201 2145 1337 2231 legende
1359 2157 1546 2211 sanctorum
1568 2158 1600 2209 et
1617 2144 1775 2231 Magister
1795 2147 1829 2208 in

158 2263 301 2329 historiis
334 2272 366 2325 ct
393 2262 528 2326 historia
536 2263 562 2336 b)
590 2259 878 2337 eeclesiasticam)
911 2263 1122 2325 communiter
1143 2260 1253 2327 dicunt
1275 2274 1305 2327 et
1328 2261 1530 2326 concorditer
1554 2283 1625 2324 eum
1646 2262 1680 2324 in
1701 2260 1829 2326 Mache-

157 2380 335 2460 runta³⁵⁰)‚
365 2399 426 2464 que
446 2375 543 2440 hodie
563 2374 695 2461 Haylon
717 2375 834 2439 dicitur
856 2390 888 2440 et
910 2389 959 2440 est
980 2376 1065 2441 ultra
1085 2377 1273 2461 Iordanem,
1296 2400 1392 2465 quam
1416 2390 1446 2442 et
1475 2376 1543 2441 uidi
1575 2380 1696 2455 [cum]⁰)
1731 2377 1831 2441 fuisse

160 2494 359 2561 decollatum.
400 2494 552 2557 Preterea
574 2491 723 2556 Heredes
753 2493 831 2574 iste,
859 2494 913 2579 qui
935 2491 1111 2557 Iohannem
1140 2493 1331 2575 decollauit,
1364 2504 1434 2558 erat
1467 2491 1630 2558 tetrarcha
1653 2490 1778 2556 GaliIee
1800 2504 1832 2556 et

160 2613 300 2698 reglonis
322 2609 560 2689 transflumen,
581 2629 642 2691 que
665 2618 713 2671 est
732 2618 820 2672 terra
840 2607 970 2672 Galaad
993 2611 1062 2673 siue
1081 2608 1217 2673 duarum
1239 2608 1390 2690 tribuum,
1414 2625 1443 2674 et
1464 2607 1562 2673 nichil
1585 2609 1753 2693 potestatis
1774 2608 1830 2672 ha-

162 2728 230 2793 buit
249 2730 283 2791 in
306 2726 469 2797 Samaria,
496 2725 571 2810 quia
598 2722 654 2787 illa
685 2734 754 2787 erat
776 2723 816 2788 de
838 2725 1068 2810 procuratione
1090 2724 1202 2807 Pilati,
1238 2728 1321 2790 sieut
1342 2726 1517 2790 Ierusalem
1540 2736 1571 2789 et
1592 2724 1712 2804 Iudea,
1746 2723 1831 2787 unde

62 2880 74 2897 κ
160 2843 333 2909 Iohannem
362 2861 422 2904 nec
453 2840 658 2903 incarcerare
679 2842 800 2927 potuit,
827 2863 886 2905 nee
909 2840 1083 2923 decollare,
1111 2843 1187 2926 qnia
1207 2842 1304 2906 nichil
1326 2841 1440 2907 hahuit
1463 2841 1508 2906 ibi
1529 2843 1619 2905 iuris.
1661 2838 1830 2904 Decellato

158 2970 264 3023 tamen
287 2979 324 3022 eo
346 2958 380 3020 in
400 2955 628 3036 Macherunta,
655 2967 690 3020 ut
712 2956 832 3020 dictum
856 2967 919 3038 est,
952 2979 1070 3043 corpus
1102 2960 1170 3022 eius
1191 2980 1211 3021 a
1231 2957 1400 3044 discipulis
1421 2960 1454 3021 in
1477 2957 1626 3021 Samaria
1649 2968 1696 3020 cst
1718 2955 1827 3019 huma·

162 3086 229 3139 tum
250 3074 335 3138 iuter
356 3071 532 3158 prophetas
556 3072 728 3156 predictos,
751 3084 848 3158 caput
870 3095 946 3137 aero
967 3074 1000 3136 in
1019 3072 1217 3137 leroselimis
1240 3086 1288 3137 cst
1309 3073 1479 3159 sepultum.
1522 3071 1619 3136 Tales
1642 3084 1747 3135 autern
1768 3071 1831 3133 rui·
1858 3056 1867 3077 ⁸

162 3212 220 3255 nas
242 3212 307 3255 non
326 3188 396 3252 uitli
418 3190 450 3251 in
474 3200 561 3251 terra
584 3204 714 3269 sancta,
744 3192 828 3252 sicut
846 3190 878 3251 in
901 3190 1065 3269 Samaria,
1100 3212 1172 3253 cum
1200 3206 1308 3257 tamen
1334 3189 1452 3253 multas
1474 3200 1506 3253 ct
1527 3210 1662 3273 magnas
1685 3186 1832 3265 uiderim,

161 3328 219 3371 nec
239 3307 300 3370 tuit
320 3307 366 3369 ita
388 3304 546 3389 disposita
569 3306 693 3384 ciuitas,
717 3307 799 3369 sicut
816 3304 973 3390 Magister
995 3306 1027 3368 in
1049 3303 1192 3369 historiis
1214 3305 1343 3369 uidetur
1365 3305 1446 3370 uelle
1466 3329 1562 3391 super
1581 3303 1680 3368 uerbo
1697 3305 1776 3367 isto:
1799 3305 1834 3363 Si

160 3427 297 3506 sufficere
316 3426 427 3499 poterit
443 3424 547 3500 pttlur's
570 3423 707 3481 Soricaria
725 3426 881 3500 papillia‘¹)
905 3426 997 3482 onznia
1015 3427 1130 3501 populi,
1154 3427 1203 3502 qni
1225 3425 1358 3502 seqnitur
1380 3424 1504 3497 313354).
1544 3420 1681 3485 Uidetm·
1702 3419 1831 3497 sentire,

160 3536 245 3624 quod
265 3559 375 3600 murus
399 3537 541 3601 ciuitatis
564 3547 595 3599 ct
617 3537 803 3621 superficiem
824 3538 943 3602 montis
965 3537 1092 3601 luerunt
1114 3537 1256 3624 equales,
1279 3554 1309 3600 ct
1331 3537 1469 3623 desuper
1491 3536 1617 3600 edificia
1633 3544 1840 3613 constructa,-

159 3653 550 3740 quodnoncrat,im1no
572 3675 684 3716 murus
707 3653 848 3717 ciuitatis
870 3666 939 3717 crat
962 3655 995 3716 in
1017 3652 1101 3738 pede
1123 3655 1257 3733 mentia,
1280 3654 1420 3718 munitus
1442 3653 1538 3717 ualde
1558 3651 1702 3716 turribus
1725 3651 1830 3716 fortis·

159 3772 264 3848 sImis,
290 3778 322 3833 ct
350 3791 441 3833 mous
469 3770 605 3832 interius
635 3767 788 3852 paulatim
811 3792 946 3853 surgens
968 3771 1001 3832 in
1024 3769 1123 3834 altum
1146 3782 1177 3832 et
1202 3771 1405 3832 circumsitus
1433 3768 1586 3855 edificijs,
1615 3770 1699 3831 aierit
1719 3766 1832 3831 botrus

159 3885 276 3971 aliquis
300 3886 370 3948 qus
393 3886 535 3950 censitus
561 3895 592 3948 ct
614 3896 755 3965 erectus,
779 3907 927 3948 crescens
950 3884 1106 3971 paulatim
1128 3887 1160 3948 in
1184 3906 1327 3948 acumen.
1364 3883 1466 3969 Regia
1487 3905 1564 3948 uere
1585 3895 1654 3947 erat
1678 3905 1777 3968 supra
1798 3885 1832 3946 in

158 4003 228 4089 ipso
254 4010 380 4081 monte,
409 3999 547 4086 pulchra
574 4001 686 4080 nimis,
716 3999 771 4063 ubi
802 3999 955 4064 uidentur
986 4000 1091 4066 adhuc
1113 4000 1284 4086 columpne
1305 4022 1484 4064 marmoree
1507 3999 1604 4063 multe
1626 4002 1740 4079 nimis,
1771 4020 1832 4084 que

226 4202 254 4271 a)
271 4198 428 4252 mamertum
447 4196 487 4251 st.
511 4227 544 4235 -
569 4196 597 4265 b)
615 4196 794 4251 lusto-riarum
813 4196 851 4251 St.
870 4196 897 4251 h.
917 4229 947 4239 -
974 4200 1000 4268 c)
1020 4218 1078 4255 erem
1095 4198 1134 4255 St.
1155 4202 1197 4266 h.,
1222 4214 1388 4269 ‹prarnquarn
1407 4198 1570 4266 praecessit:
1596 4198 1701 4251 cerain
1721 4195 1831 4249 ,trache-

291 4289 379 4336 ranta.
398 4310 429 4320 —
447 4281 476 4347 d)
489 4281 615 4350 pupillus
632 4279 672 4334 St.

220 4462 290 4529 345)
311 4456 445 4530 Aeetam]
468 4454 504 4513 V.
519 4453 672 4512 Robinson
694 4454 757 4514 Pal.
772 4454 819 4512 III
840 4456 890 4528 (1).
913 4460 971 4516 369
1015 4477 1044 4535 p.
1068 4462 1136 4517 201.
1179 4457 1277 4516 Locus
1296 4478 1315 4515 a
1336 4454 1504 4515 Barclrardo
1534 4455 1638 4512 citatus
1660 4452 1754 4511 estin
1776 4450 1832 4507 Pe·

157 4564 228 4614 uota
251 4561 282 4629 13
311 4566 341 4614 et
361 4555 555 4627 haumarum,
588 4554 637 4632 qui
658 4552 828 4611 Burehardo
855 4566 972 4612 auctore
1016 4557 1050 4613 tri
1075 4556 1254 4616 Comestoris
1283 4555 1402 4614 historia
1429 4555 1598 4623 scolastica,
1625 4571 1700 4630 (puae
1727 4547 1834 4626 prodiit

158 4656 252 4727 11444111,
275 4674 303 4731 Ρ·
330 4659 395 4713 ¹44·
1015 4656 1198 4732 Argentinae
1214 4676 1291 4714 anno
1306 4660 1394 4725 1503,
1408 4653 1458 4712 ubi
1474 4653 1515 4710 lit.
1528 4652 1556 4709 D
1568 4656 1584 4711 2
1598 4651 1672 4708 haec
1684 4649 1833 4724 leguntur:

219 4756 290 4826 346)
311 4754 379 4811 Hoc
408 4752 466 4827 lapi
491 4752 522 4809 in
550 4750 701 4825 alcorano]
731 4749 857 4810 Arabica
886 4751 973 4828 igitur
1019 4754 1167 4813 Chronica
1192 4765 1218 4813 et
1241 4756 1294 4811 XI
1312 4753 1386 4810 liber
1408 4751 1529 4809 historie
1551 4746 1747 4807 ecclesiastice
1770 4755 1832 4802 tre-

157 4852 246 4911 seisse
266 4849 382 4911 videtur
401 4849 597 4910 Burehardus.
745 4850 749 4859 '
1017 4856 1090 4910 dont
1112 4855 1254 4913 Ioannem
1285 4854 1315 4910 itt
1338 4853 1459 4910 castello
1481 4848 1592 4906 Arabia
1615 4856 1701 4903 trena
1725 4844 1833 4902 Iorda-

220 4954 291 5021 347)
316 4950 386 5027 qaia
401 4949 550 5024 chronica]
574 4947 610 5007 V.
621 4949 838 5007 annotationem
852 4969 973 5028 sequen·
1016 4971 1088 5024 nerra,
1110 4953 1188 5010 dicto
1210 4953 1423 5027 :llachcrontm
1453 4949 1582 5006 cinctam
1604 4956 1630 5003 et
1653 4952 1831 5002 truncatum.

160 5058 219 5107 11111
241 5068 362 5109 numero
386 5053 453 5109 349·
1016 5048 1053 5111 V.
1077 5069 1140 5128 cap.
1164 5050 1303 5110 LXXIII
1325 5050 1465 5109 historiae
1485 5045 1683 5122 evangelicae.

220 5152 290 5222 348)
312 5149 464 5224 Iosephus]
492 5148 561 5207 Ant.
583 5145 700 5205 XVIII·
724 5153 752 5215 5,
774 5152 801 5208 2.
1082 5154 1153 5215 353)
1174 5149 1384 5224 tractatura]
1413 5146 1587 5206 Machaerus
1615 5142 1735 5221 antiqua
1755 5160 1834 5199 trane

148 5286 167 5329 5
221 5252 293 5321 349)
315 5248 464 5323 Μαρὶείεν
493 5279 530 5290 -
565 5247 773 5322 ecclesiastica]
805 5246 852 5304 De
878 5244 975 5315 Petro,
1016 5248 1123 5307 eraur
1144 5248 1201 5307 dici
1223 5249 1320 5307 fertur.
1364 5247 1400 5306 V.
1425 5267 1451 5305 v.
1474 5245 1602 5302 Raumer
1622 5264 1651 5320 p.
1675 5246 1742 5302 231.

158 5348 208 5426 qui
228 5367 392 5425 cognomen
414 5346 543 5406 habebat
565 5344 742 5404 Comestoris
768 5366 791 5405 a.
814 5343 975 5403 Manduca-
1080 5352 1151 5421 351)
1172 5348 1322 5424 etlayister
1355 5347 1386 5403 in
1408 5345 1540 5404 historiis
1562 5376 1603 5385 —
1625 5342 1758 5418 sequitur
1779 5339 1832 5415 reae]

158 5449 243 5517 toris,
271 5458 300 5505 ct
328 5448 378 5525 qui
407 5445 525 5505 honeris
554 5465 658 5513 causa,
689 5454 721 5503 ut
746 5445 809 5515 hic,
835 5443 976 5521 Magister·
1017 5445 1054 5508 V,
1084 5446 1163 5504 Petri
1193 5444 1371 5505 Comestoris
1397 5444 1556 5503 Historiam
1584 5441 1766 5501 scolasticam
1794 5436 1833 5496 ad

159 5547 342 5605 historiarum
363 5545 583 5624 appellabatur,
612 5540 974 5622 cf.p1·aeterGraessiuur
1016 5545 1063 5603 III
1085 5546 1198 5622 Regum
1223 5567 1286 5623 cap.
1308 5543 1467 5603 xxxvss
1489 5547 1587 5615 (144).
1629 5539 1728 5598 Locus
1750 5534 1832 5595 bibli·

159 5660 187 5705 et
223 5645 396 5705 Ieecherum
429 5642 644 5723 Staphorstium
680 5654 762 5722 parte
790 5643 806 5701 I
843 5642 900 5701 vol.
927 5641 975 5700 III
1018 5662 1069 5703 cus
1093 5655 1136 5703 est
1157 5645 1203 5703 III
1225 5646 1340 5723 Regum
1362 5644 1435 5703 XX.
1465 5649 1510 5704 to.
