4214 6096
1042 628 1260 695 -u..

279 828 334 893 47.
503 820 585 889 lotia
608 821 685 887 ueni
708 818 847 908 loppeu,
870 816 1062 910 relinquens
1085 840 1104 886 a
1128 819 1274 886 sinistris
1296 813 1588 907 Antipatridnmm
1609 813 1812 898 desolatam,
1835 833 1935 904 qum

280 951 334 1016 18.
368 944 520 1014 Herodes
550 947 601 1011 sie
630 966 673 1011 ex
699 945 804 1030 patris
833 946 965 1011 nornine
994 945 1188 1010 nominauit.
1235 943 1339 1031 loppe
1374 953 1485 1010 autem
1518 963 1603 1031 sepa
1636 954 1669 1008 et
1697 940 1822 1010 nultos
1851 941 1936 1011 uidit

279 1077 333 1140 to.
368 1072 529 1140 bellorum
558 1071 716 1139 tumultus
744 1071 785 1137 ah
815 1072 960 1156 antiquis
990 1092 1100 1160 usque
1128 1072 1170 1138 ad
1197 1071 1262 1137 hcc
1295 1081 1454 1156 tempora.
1505 1069 1579 1136 llec
1611 1069 1732 1136 ciuitas
1766 1069 1935 1158 quondam

279 1202 333 1267 50.
367 1218 485 1283 magna
516 1197 579 1265 suit
608 1210 641 1264 et
669 1197 851 1284 populosa,
882 1198 982 1263 modo
1011 1196 1175 1265 desolata.
1221 1197 1286 1264 llic
1315 1209 1385 1263 erat
1412 1207 1529 1283 portus
1555 1192 1698 1279 Ionam,
1728 1215 1803 1265 oum
1830 1193 1935 1267 uellet

367 1320 481 1407 lugere
510 1343 529 1387 a
559 1321 647 1388 facie
675 1322 827 1404 Domini,
862 1335 895 1389 et
930 1324 1117 1410 auspicium
1140 1322 1293 1390 uocabuli
1322 1324 1454 1389 uidetur
1483 1321 1631 1389 alludere
1660 1323 1719 1405 rei,
1750 1332 1785 1387 et
1813 1321 1933 1386 dicitur

280 1453 333 1516 51.
367 1446 471 1532 loppe
495 1449 592 1535 quasi
615 1448 695 1513 lone
719 1446 878 1533 fugientis
900 1461 1027 1534 portus.
1073 1449 1137 1515 Hic
1159 1451 1281 1534 eciam,
1305 1451 1395 1536 apud
1417 1451 1559 1537 loppen‚
1590 1449 1774 1516 secundum
1801 1446 1933 1515 sahnlas

368 1571 636 1655 Andromeor²⁸¹,
660 1573 727 1638 lilia
752 1572 880 1658 Cephei
904 1586 937 1639 et
961 1573 1157 1660 Cassiopes,
1182 1577 1277 1642 iussu
1302 1575 1392 1641 louis
1415 1598 1475 1662 pro
1500 1576 1635 1643 crimine
1657 1575 1772 1642 matris
1794 1571 1934 1663 religata

280 1704 333 1768 57.
367 1703 408 1768 ad
433 1699 594 1788 scopulos
618 1701 773 1787 exposita
798 1711 867 1765 erat
889 1700 1012 1766 marine
1035 1699 1135 1766 heluo
1158 1702 1357 1769 deuorando.
1394 1699 1502 1788 Quam
1527 1703 1673 1770 Perseus
1698 1702 1811 1773 occisa
1834 1697 1934 1769 helnn

280 1831 334 1896 53.
367 1827 519 1895 liberauit
541 1839 575 1892 et
598 1827 691 1892 duxit
713 1827 746 1890 in
771 1846 916 1891 uxorem.
964 1825 1084 1893 Credat
1107 1827 1163 1915 qui
1187 1826 1285 1892 uelit!

282 1995 333 2056 51.
501 1990 626 2056 Postea
650 1990 837 2077 procedens
860 2009 980 2055 uersos
1002 1988 1107 2057 Rama
1120 1987 1159 2027 ²⁸²
1181 1989 1237 2057 uel
1258 1989 1399 2058 Ramula
1429 1991 1531 2079 (qnod
1561 1990 1649 2057 idem
1680 1997 1764 2075 est),
1793 1989 1934 2057 nansiui

368 2139 534 2205 campum,
565 2118 620 2182 uhi
651 2117 692 2182 ab
716 2117 836 2203 angelo
861 2129 974 2202 raptus
997 2115 1061 2181 fuit
1082 2115 1220 2183 Abacuc
1231 2113 1270 2154 ²⁸³
1292 2116 1471 2203 propheta,
1501 2115 1641 2183 afferens
1664 2115 1799 2182 Danieli
1822 2117 1934 2185 cibum

282 2248 334 2310 55.
368 2248 400 2311 1η
421 2243 614 2330 speluncam
634 2243 767 2311 leonum
786 2246 818 2308 in
837 2243 1042 2312 Babilonem.
1067 2281 1109 2307 ψ
1133 2243 1267 2331 Reliqui
1291 2257 1402 2311 autem
1424 2267 1445 2311 a
1467 2246 1603 2310 sinistra
1624 2255 1719 2331 parto
1736 2241 1933 2331 Ligurum,

369 2393 433 2460 que
452 2370 625 2457 Diospolis
644 2371 774 2452 dicitur,
798 2370 856 2436 uhi
873 2371 1071 2437 resuscitata
1089 2371 1152 2440 luit
1170 2371 1298 2439 Dorcas
1306 2370 1356 2454 ²⁸⁵,
1376 2374 1464 2439 sient
1481 2374 1515 2439 io
1534 2372 1675 2461 Actibus
1694 2368 1934 2457 Apostolorum

367 2498 503 2584 legitur,
532 2507 566 2563 et
589 2508 726 2563 sanatus
749 2493 921 2580 Eneasm,
951 2508 985 2563 et
1007 2496 1150 2563 listram
1162 2494 1212 2579 ²⁸²,
1235 2519 1301 2564 uon
1325 2497 1442 2585 procul
1464 2498 1506 2565 ab
1529 2492 1774 2581 Arimathia²⁸⁸,
1802 2497 1844 2562 ‹le
1867 2517 1933 2587 qun

368 2624 431 2691 suit
453 2622 592 2709 loseph,
622 2624 678 2708 qui
703 2621 868 2689 Christum
899 2621 1075 2709 sepeliuit,
1108 2636 1141 2691 et
1164 2622 1342 2705 Nobee²⁸⁹‚
1373 2625 1538 2712 quondam
1568 2625 1679 2691 urbem
1709 2625 1932 2706 sacerdotum,

280 2760 335 2824 58.
367 2773 456 2819 nunc
478 2748 639 2817 tumulum
664 2750 859 2816 occisorum.
903 2750 1046 2816 Perueui
1069 2751 1169 2836 igitur
1190 2750 1305 2835 Rama,
1329 2772 1395 2837 que
1418 2752 1582 2839 qnondam
1605 2751 1835 2847 ingentissima
1857 2747 1932 2832 luit,

192 2884 246 2949 57.
282 2883 336 2948 58.
368 2890 404 2943 ut
432 2886 524 2962 patet
553 2876 586 2939 io
617 2875 721 2940 ruinis
750 2886 993 2941 structurarum.
1041 2871 1118 2960 Que
1146 2876 1255 2964 qualis
1284 2876 1382 2943 fuerit
1403 2889 1517 2960 autea,
1548 2876 1652 2944 fracta
1682 2878 1791 2944 docet.
1836 2873 1933 2939 Hanc

282 3010 335 3073 59.
368 3001 534 3069 edificauit
555 2998 719 3067 Herodes.
766 2998 862 3066 Unde
884 2997 1069 3085 legitur²⁹⁰z
1094 2999 1197 3077 „on
1219 3004 1251 3064 in
1272 2999 1376 3066 Roma
1399 3005 1510 3066 ondita
1533 3012 1603 3066 ert“
1628 3014 1690 3070 etc.

281 3173 334 3236 811.
502 3164 583 3230 loric
606 3163 694 3230 moui
718 3162 780 3229 iter
791 3161 830 3201 ²⁹¹
854 3183 972 3229 uersus
995 3162 1186 3245 Bethleem,
1217 3163 1380 3232 transiens
1403 3187 1462 3252 per
1484 3166 1618 3233 lutleam
1641 3178 1676 3232 et
1696 3162 1890 3252 relinquens
1913 3183 1933 3231 a

368 3293 493 3358 dextris
517 3290 714 3359 Philisteam
737 3291 901 3377 (quinque
924 3290 1078 3357 ciuitates
1100 3288 1364 3357 Philistiuorum:
1396 3291 1536 3377 Gazam,
1567 3294 1663 3360 cuius
1685 3302 1814 3395 portam
1837 3291 1933 3359 Sam·

368 3438 431 3484 son
443 3413 482 3454 ²⁹²
504 3416 605 3504 fregit
629 3430 663 3483 et
685 3419 718 3482 in
742 3429 886 3484 montem
910 3436 1022 3483 secum
1048 3415 1178 3499 detulit3
1213 3415 1432 3503 Ascalonem,
1461 3419 1517 3487 ubi
1540 3419 1649 3486 atlhuc
1673 3417 1813 3507 quedam
1836 3417 1933 3486 turris

474 3723 543 3794 778)
563 3723 778 3798 Antipatridom]
795 3721 1001 3793 Antipatridenr.
1028 3722 1091 3777 Vid.
1110 3723 1202 3777 Ritter
1219 3723 1283 3778 XVl
1301 3721 1344 3777 75.
1372 3723 1515 3777 Robinson
1532 3721 1574 3776 111
1593 3721 1640 3791 (1)
1655 3719 1710 3776 758
1727 3737 1786 3789 sqq·
1814 3721 1935 3779 θωνα

366 3835 485 3891 fortasse
508 3836 654 3904 quispiam,
681 3850 728 3888 cnr
752 3832 927 3889 'l’hietnnsrns
951 3834 1109 3903 Apollonias
1133 3851 1188 3888 non
1212 3833 1307 3889 iecerit
1328 3835 1500 3888 mentionem.
1538 3830 1594 3886 Sed
1617 3828 1688 3886 hanc
1705 3831 1847 3885 Robinson
1870 3844 1934 3882 cuns

367 3943 452 3997 Arati
474 3946 627 4013 componit,
653 3943 681 3998 id
708 3943 781 4012 qnod
799 3941 951 3999 'l'histrnari
969 3946 1133 3999 auctoritate
1156 3946 1311 3998 confirmari
1335 3942 1457 4011 videtur,
1483 3941 1528 4009 qul
1554 3955 1612 3994 eanr
1636 3939 1755 4006 alioquin
1773 3937 1888 3997 vidisset
1906 3944 1935 3991 st

367 4058 553 4106 memorasset.
578 4079 613 4092 —
641 4049 709 4122 788)
735 4062 827 4126 portus
853 4050 931 4120 Jone]
955 4052 1026 4122 Jopa
1054 4062 1097 4108 est
1125 4055 1219 4108 vocab.
1248 4052 1427 4120 Phoenicum,
1454 4052 1610 4119 significans
1639 4049 1733 4103 collisa
1760 4045 1814 4103 vid.
1840 4047 1935 4103 Ritter

366 4155 429 4212 XVl
448 4155 501 4213 stt
520 4177 543 4214 s.
562 4189 597 4198 —
624 4158 692 4229 781)
719 4160 897 4231 Andronreda]
922 4160 971 4213 Cir
996 4163 1078 4218 Plinii
1097 4163 1133 4218 Η.
1151 4164 1187 4217 N.
1206 4163 1230 4218 V
1251 4163 1292 4218 lt.
1312 4164 1403 4218 Ritter
1420 4162 1484 4216 XVl
1503 4158 1564 4214 574.
1582 4187 1618 4201 -
1644 4157 1712 4227 787)
1740 4156 1843 4226 Mna]
1871 4155 1934 4213 Vld.

367 4267 460 4320 Ritter
477 4267 540 4323 XVI
555 4265 687 4335 5811-588,
706 4269 849 4326 Robinson
862 4272 904 4326 Ill
919 4268 1097 4325 714750.-
1115 4269 1183 4340 783)
1200 4269 1317 4338 atam]
1337 4271 1475 4325 Habacuc.
1504 4268 1565 4324 Vid.
1582 4270 1650 4322 Dan.
1665 4268 1729 4323 XIV
1744 4266 1788 4323 ³5.
1816 4269 1934 4336 cunnus

367 4377 413 4431 ille
431 4384 596 4431 memoratur
615 4378 818 4445 tersnXXXll,
838 4379 886 4434 aad
905 4382 971 4449 alio,
989 4397 1043 4434 non
1063 4379 1196 4436 hocloco
1216 4387 1272 4434 est:
1292 4396 1376 4448 prope
1386 4381 1497 4434 Hebron
1511 4385 1624 4432 auctora
1632 4377 1742 4432 Rittaro
1752 4376 1816 4431 XVI
1826 4373 1935 4433 7117.-

366 4482 435 4555 tet)
455 4485 577 4558 anno]
597 4486 735 4555 Lyddan,
758 4487 946 4544 hebraeorum
970 4473 1009 4540 ri
1029 4487 1128 4557 (nor).
1166 4487 1393 4542 ottrnxvrsso
1409 4507 1432 4542 s.
1451 4514 1488 4528 .-
1511 4486 1578 4557 aas)
1599 4487 1713 4555 now]
1726 4485 1788 4540 vu.
1807 4486 1865 4539 aa.
1882 4487 1935 4553 ap.

364 4592 406 4656 tx
423 4591 459 4650 36
477 4611 534 4664 sqq.
553 4624 589 4636 -
614 4592 681 4665 786)
703 4595 802 4668 Encas]
823 4597 883 4652 Vid.
902 4603 961 4653 Act
980 4600 1029 4667 ap.
1049 4598 1067 4652 l.
1087 4615 1111 4652 c.
1130 4613 1154 4652 v.
1173 4595 1266 4652 7735.
1287 4624 1323 4636 -·
1347 4593 1414 4665 787)
1434 4596 1565 4667 listram]
1585 4598 1704 4651 sortasse
1731 4609 1829 4651 raeans
1847 4608 1934 4663 pagus

364 4700 529 4756 188811.-
547 4702 615 4774 788)
635 4702 801 4775 Arimin]
822 4709 901 4763 Onna
915 4707 962 4761 nbi
981 4706 1072 4774 luerit,
1091 4706 1213 4761 Tohlaro
1228 4713 1301 4760 testa
1318 4703 1405 4759 adhoc
1418 4707 1567 4774 ignoratur.
1597 4678 1934 4767 cotutnrxvitot'-

365 4807 433 4878 789)
451 4808 546 4881 Nobes]
566 4811 827 4882 ouncRaitNibsh‚
846 4816 913 4869 olim
922 4815 994 4870 Nob.
1017 4815 1125 4890 *Subest
1143 4832 1219 4869 error
1228 4814 1380 4870 Thietmari
1399 4817 1509 4884 eiusque
1529 4816 1689 4885 aequalium.
1717 4813 1779 4869 vid.
1790 4813 1934 4869 Robinson

364 4914 392 4971 11
401 4915 465 5005 3119,
475 4918 567 5005 11111)
578 4919 632 4978 tet)
641 4941 698 4992 sqq.
709 4952 744 4963 -
754 4921 821 4993 798)
832 4922 939 4995 lapisto]
951 4923 1022 4995 apud
1033 4920 1131 4981 Matth.
1139 4925 1165 4977 11
1177 4924 1220 4992 18,
1234 4925 1283 4980 sed
1293 4927 1320 4980 in
1330 4925 1445 4992 Vulgata
1456 4929 1567 4991 tantum,
1581 4922 1717 4979 Lntharus
1726 4922 1821 4977 vocab.
1831 4921 1935 4976 nausa

365 5025 561 5115 interpretatus
576 5037 627 5086 est.
642 5060 678 5104 ··.
696 5031 765 5104 771)
779 5032 851 5088 moni
866 5032 927 5103 iter]
944 5032 1071 5104 discessi,
1087 5035 1151 5090 abii.
1168 5061 1203 5077 -
1221 5031 1289 5104 787)
1309 5032 1431 5103 Saeuam]
1444 5035 1566 5104 simron,
1581 5032 1634 5090 rid.
1648 5032 1794 5091 IMaooab.
1806 5030 1875 5089 xm
1888 5025 1933 5085 tt
