4214 6096
1008 370 1047 429 55

190 556 308 628 restat,
337 548 401 612 nisi
423 546 511 632 quod
532 546 677 611 hostibus
699 547 927 613 accedentibus
951 545 993 609 ad
1016 558 1141 631 portam
1163 565 1275 625 unam,
1303 541 1501 608 habitatores
1522 544 1648 630 fugiant
1671 565 1731 629 per
1753 542 1863 625 aliam,

191 664 218 728 si
237 663 357 727 fuerint
378 664 559 749 pauciores.
602 662 663 726 Est
685 674 790 727 autern
811 664 844 727 in
866 661 951 727 ualle
972 659 1079 725 media
1101 661 1173 741 sita,
1195 660 1421 723 intermontes
1442 658 1625 739 altissimos,
1649 661 1697 723 ita
1718 669 1754 724 ut
1775 661 1862 725 intus

192 782 315 844 iactare
338 780 442 865 possit
465 777 580 865 aliquis
603 799 676 842 curn
698 777 808 864 lapide
831 777 981 842 manuali.
1371 854 1378 873 Ι

314 894 367 958 De
389 905 484 981 porta
508 896 577 958 eius
599 892 743 975 australi,
765 904 919 981 quantum
940 893 1007 957 fere
1024 892 1076 957 bis
1098 901 1205 979 potest
1226 893 1333 955 iacere
1356 910 1460 972 arcus,
1483 900 1531 954 est
1546 896 1621 966 foas
1638 894 1728 952 Iacob
1739 891 1808 973 ⁴⁵⁹),
1829 892 1863 955 in
1881 893 1914 945 23

191 1012 255 1092 uia,
277 1033 340 1098 quo
361 1011 450 1076 ducit
470 1008 656 1093 Ierusalem,
678 1009 733 1074 ubi
756 1009 848 1074 sedes
868 1009 1019 1091 Domini3
1042 1030 1140 1094 super
1160 1018 1291 1093 puteum
1313 1017 1424 1093 potum
1447 1007 1564 1092 petiuit
1585 1027 1606 1070 a
1627 1005 1842 1071 Samaritana.

316 1127 424 1213 Supra
456 1125 577 1190 fontem
597 1126 696 1190 istum
720 1125 762 1189 ad
784 1125 932 1189 dextram
956 1136 1005 1190 est
1023 1147 1117 1189 mons
1139 1110 1304 1204 excelsus,
1337 1121 1460 1186 habens
1483 1120 1545 1186 duo
1568 1124 1694 1207 capita,
1728 1143 1863 1209 quorum
1881 1132 1914 1183 24

192 1267 289 1310 unum
316 1265 409 1308 mons
440 1245 589 1317 Oariziat,
624 1241 713 1306 aliud
743 1247 820 1303 Ebal
847 1240 1039 1328 appellatur.
1089 1239 1126 1303 ln
1160 1248 1268 1302 monte
1296 1236 1443 1301 Gerizim
1472 1235 1621 1301 edificato
1650 1237 1748 1301 altari
1768 1238 1862 1302 losue

78 1426 85 1439 ,
195 1362 327 1446 scripsit
347 1359 653 1439 Deuteronomium,
682 1370 713 1421 et
734 1356 960 1421 benedicentes
982 1355 1112 1420 stabant
1133 1363 1165 1417 et
1183 1353 1428 1435 maledicentes,
1461 1362 1492 1416 et
1514 1352 1554 1416 dc
1575 1364 1685 1417 monto
1708 1353 1792 1417 Ebal
1814 1375 1862 1418 re-

194 1474 406 1562 spondebant,
429 1488 464 1538 ut
484 1486 670 1560 preceptum
691 1474 751 1537 fuit
764 1473 1010 1538 Deuteronomii
1024 1471 1230 1546 XXVH³⁸⁰).
1269 1469 1376 1555 Supra
1398 1478 1537 1533 montem
1556 1468 1702 1533 Garizim
1724 1469 1864 1534 ostendi-

192 1602 245 1656 tur
272 1588 379 1655 adhuc
400 1591 509 1654 lanum
531 1591 802 1676 antiquissimum,
831 1589 917 1653 Iouis
939 1587 1125 1674 Olympiaci
1147 1584 1359 1673 hospitales),
1389 1583 1475 1670 quod
1497 1583 1538 1648 ad
1560 1586 1664 1649 instar
1685 1585 1864 1672 templi³⁰¹)

193 1706 455 1773 lerosolimorum
476 1704 685 1771 edificausrat
707 1704 1030 1784 sanaballathliiffl),
1053 1702 1121 1766 dux
1143 1703 1284 1788 regionis
1306 1700 1552 1782 transflumen,
1575 1723 1694 1786 genero
1718 1723 1774 1766 suo
1795 1701 1864 1767 Ma·

194 1846 306 1904 nasse,
335 1824 389 1907 qui
420 1821 522 1886 uoluit
550 1844 620 1886 esse
643 1844 785 1886 summus
808 1821 962 1907 pontifex.
1005 1818 1049 1883 Et
1071 1819 1250 1905 permansit
1272 1817 1356 1882 idem
1378 1816 1534 1903 templum
1555 1817 1602 1881 ibi
1623 1840 1725 1904 usque
1747 1816 1788 1881 ad
1811 1816 1865 1882 de-

195 1941 402 2004 structionem
422 1939 541 2002 fectam
564 1960 622 2024 per
643 1938 823 2018 Romanos,
852 1948 883 2000 et
905 1935 1044 2020 uestigia
1066 1936 1135 1999 cius
1158 1944 1189 1997 et
1210 1936 1302 1998 ruine
1333 1932 1439 1997 adhuc
1460 1932 1618 1997 uidentur.
1662 1932 1758 1996 Hunc
1779 1954 1865 1998 mon·

193 2067 256 2120 tem
285 2065 316 2119 et
348 2055 409 2119 hoc
432 2053 586 2140 templum
614 2053 756 2118 creditur
789 2050 1038 2117 demonstrando
1067 2052 1210 2114 innuisse
1239 2049 1353 2114 mulier
1384 2049 1424 2113 de
1444 2048 1708 2130 Samaria⁰i³⁰³),
1736 2048 1865 2132 quando

195 2171 278 2236 dixit
296 2170 455 2236 Domino:
479 2174 607 2245 „Patres
626 2174 723 2231 nostri
745 2174 775 2231 ia
797 2182 892 2231 moatc
913 2173 965 2230 loc
987 2172 1220 2230 adoraueruntf‘

314 2286 369 2351 Ad
391 2288 556 2352 sinistram
575 2286 671 2351 sontis
692 2287 786 2351 huius
810 2295 858 2349 est
880 2283 1011 2371 opidum
1035 2282 1198 2369 quoddam
1211 2303 1365 2367 magnum
1381 2279 1486 2362 ualde,
1512 2280 1568 2344 sed
1583 2279 1755 2362 desertum,
1778 2278 1865 2366 quod
1882 2277 1914 2329 ²5

195 2402 289 2469 credo
311 2403 412 2467 fuisse
434 2406 548 2465 Sictem
571 2403 807 2484 antiquaram),
836 2403 910 2488 quia
932 2401 1024 2464 ruine
1045 2420 1163 2484 magne
1186 2408 1259 2462 sunt
1279 2396 1375 2461 ualde
1397 2419 1438 2460 ex
1460 2397 1596 2484 palaciis
1619 2397 1808 2460 marmorcis
1834 2406 1866 2460 et

197 2519 374 2606 columpnis
403 2518 621 2599 mirabilibus,
658 2517 782 2581 distans
813 2516 852 2581 de
879 2517 965 2581 fonte
994 2528 1025 2580 et
1055 2516 1222 2579 mansione
1242 2512 1340 2577 Iacob
1370 2523 1524 2599 quantum
1551 2511 1603 2576 bis
1632 2522 1737 2598 potest
1758 2514 1864 2576 iacere

196 2656 298 2716 arcus,
321 2643 353 2699 et
375 2635 580 2698 amenissima
601 2634 672 2698 loco
694 2634 799 2712 situm,
822 2635 884 2697 nisi
906 2631 993 2719 quod
1013 2632 1106 2718 aquis
1128 2640 1231 2712 caret3
1254 2652 1315 2693 nec
1336 2628 1404 2692 uidi
1426 2628 1507 2693 alias
1522 2628 1628 2693 locum
1643 2637 1709 2691 tam
1724 2627 1863 2692 fertilem

198 2762 226 2815 et
245 2748 428 2816 secundnm.
470 2748 583 2814 Distat
603 2762 708 2814 antem
732 2771 752 2812 a
774 2750 913 2830 ciuitate,
937 2771 998 2834 que
1020 2745 1175 2833 Neapolis
1196 2744 1323 2828 dicitur,
1347 2747 1466 2822 iactul)
1489 2744 1626 2809 <luorum
1648 2765 1790 2808 arcuum.
1820 2743 1864 2808 Et

195 2867 276 2933 hanc
297 2866 467 2952 Neapolim
489 2876 566 2952 puto
587 2866 686 2930 fuisse
706 2865 839 2952 opidum
864 2865 1050 2937 Ttetcs³⁰⁵t

261 3054 287 3111 a)
301 3049 425 3119 planam
449 3050 665 3115 antiquissimam
687 3048 765 3101 Ιοιιίο
788 3047 933 3116 olirapiaci
951 3046 1086 3115 hospitale
1105 3044 1143 3099 St.
1172 3044 1242 3113 olym
1256 3044 1344 3113 pyaci
1366 3043 1503 3112 liacpitalc
1520 3041 1547 3095 h.
1580 3042 1709 3097 Fortasse
1728 3041 1864 3096 vocabulo

325 3132 475 3202 olympiaci
498 3131 652 3186 cancellato
678 3130 852 3185 scribendum
872 3135 927 3183 cst:
944 3134 1049 3198 sariri-m
1072 3128 1290 3197 crrrtiqaisaimam
1308 3127 1383 3180 Ῑονίο
1404 3126 1560 3195 hospitalis.
1585 3158 1616 3166 -
1642 3125 1670 3194 b)
1695 3127 1863 3180 arcimbalaclt

327 3214 366 3271 St.
384 3247 417 3256 -
442 3218 468 3285 c)
487 3215 619 3269 Soricaria
644 3218 683 3271 st.
700 3215 872 3268 sasimrita-aa.
892 3212 918 3266 h.
955 3213 1017 3267 Vid.
1036 3212 1086 3265 Εν.
1113 3211 1171 3266 Ioh.
1190 3211 1238 3265 lV.
1262 3216 1290 3263 i:
1316 3210 1400 3264 Venit
1424 3209 1522 3263 mulier
1543 3212 1577 3263 dc
1600 3210 1730 3263 Saraarr'a
1754 3209 1865 3265 haurire

329 3316 438 3370 aquam.
456 3332 485 3339 —
505 3301 534 3367 d)
552 3301 586 3353 ilc
604 3300 679 3353 iactu
697 3299 736 3354 st.

257 3478 327 3545 359)
344 3476 417 3545 sons
435 3472 532 3548 Iacob]
556 3482 660 3550 puteus
682 3472 782 3530 lacobi
806 3492 882 3529 nunc
897 3483 940 3530 cst
956 3472 1009 3528 Bir
1113 3475 1184 3541 363)
1198 3472 1232 3526 de
1245 3468 1396 3541 Saniarial
1410 3466 1625 3545 Staphorstiani
1645 3467 1753 3526 codicis
1768 3477 1866 3526 aucto·

195 3570 408 3647 es·Simirijeli.
451 3570 486 3630 V.
507 3569 660 3629 Robinson
680 3570 743 3629 Pal.
765 3571 815 3629 Ill
836 3574 1007 3631 sta-335.
1049 3570 1133 3627 ritate
1148 3567 1267 3626 adducti
1285 3566 1460 3626 vocabulum
1475 3568 1510 3624 dc
1527 3579 1595 3624 ante
1617 3586 1643 3625 a.
1660 3566 1801 3624 Smuaria
1817 3585 1865 3625 ex-

255 3674 326 3743 360)
351 3668 571 3728 Deateroaamii
591 3668 735 3743 XXVII]
758 3689 787 3727 v.
814 3675 846 3728 11
871 3689 933 3748 sqq.
1050 3668 1154 3728 cidisse
1177 3678 1321 3747 putamus.
1365 3663 1607 3724 Obversabantur
1628 3666 1714 3737 onim,
1735 3665 1789 3722 nisi
1812 3664 1865 3722 fal·

254 3776 325 3843 361)
348 3770 430 3827 Iouis
460 3768 677 3843 olympiaci-
699 3770 742 3825 ad
771 3768 868 3825 iastar
899 3766 1006 3842 icamia]
1049 3768 1101 3844 lor,
1123 3765 1284 3825 Burcbardi
1306 3766 1413 3836 animo,
1434 3784 1510 3842 quas
1534 3764 1645 3823 suntin
1658 3764 1714 3827 Ev.
1729 3762 1793 3823 lolr.
1812 3762 1865 3824 IV.

196 3868 348 3929 Vocabula
364 3868 531 3944 olympiaci,
551 3866 629 3946 quod
643 3887 695 3946 pro
712 3866 840 3942 olympii,
862 3867 1008 3941 hospitale
1052 3873 1083 3926 7:
1106 3867 1196 3925 Venit
1215 3866 1317 3924 mulier
1339 3867 1374 3922 dc
1396 3864 1547 3923 Samaria.

194 3967 271 4048 quod
293 3988 345 4047 pro
368 3967 523 4043 hospitalis
545 3968 670 4045 positum
692 3975 750 4037 cst,
770 3963 927 4024 emendare
948 3984 1008 4022 non
1114 3968 1184 4037 364)
1208 3965 1321 4023 Sicicm
1342 3961 1505 4039 antiquam]
1534 3962 1608 4021 Pars
1630 3960 1776 4040 quaedam
1793 3962 1866 4021 anti·

194 4066 390 4131 audebamus.
416 4086 453 4124 ne
475 4065 637 4124 Burclrardi
664 4066 756 4144 ipsius
786 4063 902 4143 culpam
924 4064 954 4121 in
976 4062 1008 4120 li·
1050 4085 1125 4145 quae
1147 4063 1226 4123 urbis
1248 4061 1364 4121 Sichem
1386 4061 1572 4140 postmodum
1594 4081 1630 4120 ex
1653 4062 1771 4138 egregia
1789 4061 1867 4120 Rau-

193 4166 319 4225 brarium
338 4165 553 4224 inclinaremus.
596 4163 657 4223 Sed
685 4184 770 4223 nemo
792 4162 930 4239 negabit,
959 4160 1008 4220 ad·
1050 4166 1121 4223 meri
1135 4161 1423 4240 coniecturaSyclrar
1438 4158 1668 4238 nuncupabatur.
1692 4158 1750 4232 Qui
1766 4181 1793 4238 p.
1812 4163 1867 4220 446

194 4266 329 4325 iectivum
362 4265 533 4340 olympiaci,
568 4262 647 4342 qnod
677 4263 801 4341 pertinet
838 4259 876 4319 ad
907 4261 1008 4319 urbem
1049 4272 1109 4322 not.
1129 4267 1217 4322 l3la.
1252 4259 1420 4319 Burclrardo
1443 4267 1561 4318 auctore
1583 4259 1679 4317 utitur.
1710 4255 1756 4316 Cf.
1774 4258 1868 4316 Rittcr

195 4362 378 4445 Olympiam,
402 4363 429 4421 h.
451 4364 468 4421 l.
489 4362 641 4420 confusum
663 4380 727 4419 esse
748 4381 812 4419 cum
836 4361 1009 4437 cognomine
1049 4361 1136 4421 XVI.
1160 4366 1233 4433 647,
1262 4360 1311 4419 ubi
1342 4361 1411 4417 citat
1438 4359 1623 4418 itinerarium
1648 4357 1866 4434 burdigalense,

194 4464 273 4523 Iovis
296 4462 428 4542 Olympii
449 4482 467 4520 a
489 4472 587 4519 monte
610 4459 748 4538 Olympio
777 4461 915 4539 repetito,
942 4466 1008 4518 eto
1050 4463 1159 4539 inquo
1182 4460 1715 4534 commemoraturmousAgazaren.
1750 4457 1867 4515 Nomen

193 4564 265 4622 Iove
287 4562 433 4641 hospitali,
454 4559 508 4619 Διῒ
525 4558 620 4641 ξενίῳ,
642 4559 749 4617 facturn
771 4579 836 4618 esse
856 4559 937 4617 Iovis
958 4558 1008 4616 ho·
1051 4560 1106 4619 hoe
1138 4562 1297 4636 Ayazarca
1324 4558 1436 4618 Rittero
1463 4557 1655 4636 astipulantes
1684 4576 1701 4613 e
1731 4554 1867 4614 Gerizim

195 4662 343 4741 spitales.
365 4659 530 4739 hospitium.
563 4660 648 4718 Haec
662 4660 738 4718 enirn
754 4670 870 4717 exstant
884 4658 916 4715 II
929 4657 1008 4716 Mac·
1050 4659 1243 4738 depravatum
1274 4657 1421 4727 ducimuS,
1449 4656 1500 4715 sed
1530 4656 1617 4715 etiam
1646 4674 1747 4712 recens
1768 4656 1868 4729 Asyar

195 4760 257 4820 cab.
281 4759 335 4821 VI.
357 4764 390 4820 2:
421 4760 562 4818 Moldvm
589 4754 619 4817 di
646 4756 695 4816 sai
724 4751 775 4817 τὸν
802 4754 834 4816 ἐν
859 4750 1008 4834 Ἱεροσολύ-
1051 4779 1074 4820 s.
1090 4759 1191 4816 Askar
1211 4757 1301 4816 literis
1323 4777 1343 4834 g
1365 4764 1394 4815 et
1416 4756 1509 4814 zsive
1531 4776 1545 4813 s
1565 4755 1744 4832 permutatis
1767 4761 1800 4811 ut
1817 4752 1867 4811 fie-

195 4880 259 4934 μοις
287 4852 375 4934 ivadv,
407 4855 456 4918 nai
491 4852 706 4936 ννροςονομοὶσαι
734 4851 807 4927 Διὸς
831 4851 1008 4932 Ὀλυμπίου,
1051 4867 1095 4917 rat
1112 4859 1260 4933 Azgarem
1282 4858 1443 4934 Asgarem,
1476 4875 1513 4913 ex
1534 4852 1679 4911 vocabulo
1700 4853 1867 4928 Agaaarenr

195 4952 314 5018 καὶτὸν
335 4955 367 5017 ἒν
390 4955 519 5036 Pupilla,
541 4951 645 5028 καθώς
665 4952 819 5037 ἐτύγχανον
841 4955 871 5015 oi
891 4950 943 5017 τὸν
965 4951 1009 5017 τό-
1053 4966 1232 5016 contractum
1266 4974 1331 5015 esse
1360 4953 1483 5012 videtur.
1528 4951 1614 5024 Quod
1644 4960 1742 5009 autem
1765 4951 1868 5009 attinet

195 5079 251 5117 πον
272 5056 433 5130 οἰκοῦντες,
457 5050 529 5128 Διὸς
551 5054 664 5117 Ξενίου.
706 5055 902 5115 Confunditur
925 5059 1012 5134 igitur
1053 5055 1219 5114 adnomen
1241 5053 1372 5133 Sychar,
1399 5050 1473 5110 illud
1494 5071 1531 5109 ex
1552 5051 1652 5129 primis
1673 5049 1796 5129 syllabis
1816 5068 1867 5107 no·

196 5159 256 5236 (qui
276 5159 377 5217 tertius
407 5178 485 5217 error
507 5166 550 5216 ast
571 5156 598 5218 h.
619 5156 638 5216 l.
662 5157 843 5227 commissus)
871 5157 1011 5235 templum
1054 5156 1163 5213 minum
1186 5154 1299 5211 Sicaem
1329 5163 1358 5211 ct
1382 5150 1533 5226 Gar-isim,
1568 5150 1636 5207 Sici
1661 5159 1690 5207 ct
1712 5147 1781 5207 Gar
1801 5168 1869 5206 cou-

195 5256 481 5337 hierosolymitanum
500 5258 579 5316 Iovis
602 5256 722 5334 olympii
745 5274 810 5313 curn
831 5275 875 5327 eo,
897 5257 947 5334 qui
968 5265 1013 5315 est
1053 5255 1153 5313 flatum
1175 5272 1241 5312 esse
1262 5252 1451 5330 suspicamur.

195 5357 224 5413 in
253 5367 352 5416 moute
379 5356 524 5427 Gerizim,
560 5355 639 5414 Iovis
669 5354 830 5433 hospitalis.
881 5352 942 5412 Sed
973 5355 1009 5415 cf.
1116 5358 1186 5419 365)
1212 5351 1328 5426 Thebes]
1352 5348 1477 5407 Theben
1501 5348 1660 5425 antiquum,
1681 5345 1869 5425 quoddicere

197 5474 270 5533 quas
291 5456 415 5533 margini
436 5456 630 5534 ascripsimus.
1051 5452 1166 5511 videtur
1186 5449 1386 5520 Burclrardus,
1407 5457 1451 5506 est
1473 5444 1593 5515 Tabas,
1621 5452 1637 5506 4
1661 5446 1748 5505 boras
1769 5467 1787 5504 a
1808 5448 1869 5506 Na-

257 5558 329 5627 362)
352 5554 560 5630 Saaaballati]
589 5554 626 5613 V.
653 5551 772 5630 Iosephi
800 5552 870 5610 Ant.
898 5550 954 5610 XI.
984 5557 1010 5619 7,
1052 5552 1137 5611 bulus
1159 5551 1278 5621 distans,
1299 5568 1389 5628 quma
1409 5548 1465 5605 hoc
1486 5564 1587 5604 recens
1608 5544 1712 5604 'l'ubis
1727 5544 1868 5603 Burchar-

199 5655 233 5725 23
256 5658 283 5725 8,
306 5657 333 5713 2.
356 5659 383 5713 4.
426 5650 472 5712 Cf.
493 5674 521 5713 v.
543 5654 672 5712 Raumer
694 5672 721 5730 p.
748 5652 813 5709 128.
1053 5650 1106 5709 dus
1136 5671 1196 5710 non
1227 5649 1306 5710 adiit.
1350 5647 1395 5707 cf.
1418 5646 1511 5704 Ritter
1531 5643 1608 5701 XVI
1631 5650 1682 5715 al).
1707 5648 1780 5715 448,
1810 5664 1868 5702 van
