4214 6096
959 375 998 437 85

151 556 318 622 dimidiam
340 569 389 620 cst
411 566 553 620 castrum
573 554 670 619 ualde
691 553 865 633 munitum,
895 556 1045 613 Betbsura
1058 550 1132 631 ⁶²⁶),
1166 552 1262 614 situm
1289 574 1309 614 a
1330 549 1430 613 latere
1451 551 1569 615 montis
1592 558 1703 615 eontra
1724 550 1819 614 Beth·

150 671 224 737 sech
234 672 293 749 621)
316 683 348 735 et
368 670 564 736 Bethlehem.
1690 647 1692 651 ,

270 786 323 851 De
343 786 447 852 Azoto
469 788 516 853 VI
535 788 634 852 leucis
657 796 769 852 eontra
790 794 933 849 austrum
957 792 1006 847 cst
1025 787 1188 853 Asculona,
1216 791 1331 866 quarta
1357 782 1471 846 ciuitas
1494 782 1753 864 Philistinorum,
1786 784 1820 846 in
1838 802 1869 851 17

147 902 257 968 littore
277 905 377 969 maris
398 905 471 985 sita,
493 904 629 969 sormam
651 903 774 967 habens
798 897 1002 978 semicirculi,
1025 898 1148 961 munita
1170 896 1275 961 ualde.

272 1019 324 1083 De
344 1018 509 1083 Ascalona
533 1019 562 1082 V
582 1020 683 1083 leucis
713 1028 826 1082 contra
855 1024 1000 1079 austrum
1021 1024 1070 1077 est
1094 1014 1247 1089 canite)
1279 1015 1410 1097 ciuitas,
1442 1015 1504 1078 sita
1526 1018 1559 1077 in
1581 1013 1689 1078 littore
1711 1015 1819 1078 maris.
1838 1036 1870 1087 18

147 1135 241 1199 Nunc
264 1136 475 1200 communiter
496 1134 612 1199 dicitur
638 1137 795 1208 cazarus)
807 1132 874 1208 6129).

272 1250 324 1316 De
347 1250 439 1315 Gaza
461 1262 535 1314 sunt
555 1250 603 1314 IV
622 1249 712 1313 leuce
733 1268 835 1332 usque
857 1245 1084 1325 Bersabeeffib,
1108 1267 1168 1332 que
1188 1268 1273 1310 nunc
1295 1246 1464 1321 6116161131)
1488 1245 1615 1327 dicitur,
1635 1257 1667 1309 et
1689 1256 1738 1309 est
1759 1255 1871 1315 ter-19

148 1370 254 1430 minus
277 1365 376 1430 Iudee
398 1376 429 1429 et
450 1377 535 1429 terre
557 1366 782 1452 promissionis
806 1371 918 1428 eontra
940 1370 1094 1424 austrum.

271 1481 342 1545 Has
363 1492 473 1567 partes
494 1491 580 1545 terre
601 1481 841 1567 promissionis,
875 1500 936 1564 que
961 1487 1128 1540 cesserunt
1148 1479 1182 1540 in
1205 1487 1324 1542 sortem
1344 1477 1448 1543 tribus
1471 1478 1568 1559 lude,
1603 1478 1746 1564 sequitur
1768 1475 1820 1540 de-

149 1606 269 1661 sertum
290 1595 370 1660 illud
392 1618 560 1682 magnum,
590 1595 677 1682 quod
705 1594 889 1660 extenditur
919 1592 1084 1680 usquead
1107 1592 1224 1656 flumen
1244 1592 1385 1679 Egypti,
1412 1595 1445 1657 in
1468 1616 1531 1678 quo
1555 1592 1654 1657 multo
1676 1603 1821 1677 tempore

149 1712 207 1777 filii
226 1711 328 1777 Israel
350 1720 552 1794 manserunt,
575 1712 615 1776 de
639 1712 709 1777 loeo
731 1714 764 1776 in
786 1709 891 1774 locum
913 1719 1127 1773 transeuntes.

270 1828 341 1893 Hec
364 1827 511 1892 deterre
532 1829 596 1892 ista
618 1840 649 1891 et
671 1827 710 1892 de
730 1827 810 1891 loeis
834 1827 901 1888 eius
924 1824 1011 1888 dieta
1034 1825 1202 1889 sufficiant.

403 2042 465 2107 DE
487 2041 801 2109 LONGITUDINE
823 2041 883 2105 ET
905 2039 1186 2105 LATITUDINE
1209 2039 1357 2104 TERRE
1378 2039 1562 2105 SANOTE.

271 2194 330 2258 XI.
375 2193 523 2269 Ceterum
548 2190 588 2255 de
609 2191 810 2277 longitudine
833 2201 864 2254 et
881 2189 1067 2270 latitudine,
1097 2189 1271 2253 seeundum
1300 2189 1384 2273 quod
1413 2212 1482 2253 eam
1506 2187 1696 2273 diligencius
1717 2189 1851 2255 consi-1

150 2310 263 2377 derare
284 2310 392 2396 potui,
416 2307 618 2393 subiungam.

273 2423 445 2490 Sciendum
477 2424 596 2508 igitur,
628 2423 714 2510 quod
745 2423 911 2508 longitudo
941 2432 1027 2486 terre
1055 2433 1164 2486 sancte
1187 2420 1228 2500 ab
1256 2421 1404 2508 aquilone
1424 2422 1539 2505 incipit
1560 2418 1619 2484 sub
1641 2430 1747 2483 monte
1765 2418 1819 2481 Li·

150 2542 250 2624 bano,
285 2540 339 2605 ubi
361 2541 424 2603 sita
446 2550 494 2602 est
516 2538 658 2605 Cesarea
676 2538 838 2625 Philippi,
870 2551 900 2603 et
930 2538 1115 2603 extenditur
1136 2559 1236 2624 usque
1261 2537 1304 2601 ad
1325 2549 1468 2601 austrum
1492 2538 1524 2599 in
1546 2535 1709 2599 Bersabee
1730 2534 1819 2616 lude,

151 2657 234 2747 qnod
262 2666 312 2722 est
339 2668 451 2720 eontra
481 2666 633 2718 austrum.
678 2654 863 2738 Longitudo
885 2664 992 2718 tamen
1019 2656 1086 2719 eius
1114 2664 1143 2717 et
1178 2653 1334 2733 latitudo,
1361 2674 1456 2737 quam
1476 2652 1509 2715 X
1537 2651 1639 2715 tribus
1660 2650 1819 2715 inhabita·

147 2774 242 2855 bant,
260 2795 326 2837 non
347 2782 397 2835 est
417 2770 549 2834 multum
573 2771 733 2855 spaciosa,
757 2770 934 2835 secundum
955 2770 1041 2855 quod
1061 2773 1150 2856 potui
1172 2770 1287 2834 melius
1310 2770 1507 2853 inuestigare
1531 2791 1601 2832 eam
1623 2766 1724 2831 oculis
1747 2788 1819 2831 cen·

148 2888 335 2977 templando
358 2885 549 2972 etpedibus
572 2885 769 2971 peragendo.
812 2886 950 2951 Uidetur
973 2898 1079 2950 autem
1101 2885 1179 2949 mihi
1200 2897 1291 2950 tanta
1319 2907 1405 2965 esse,
1435 2895 1588 2969 quantam
1610 2883 1744 2946 inferius
1767 2881 1819 2946 de·

149 3004 298 3072 scribam.
339 3002 461 3068 Uerum
484 3012 548 3084 est,
574 3000 660 3085 quod
687 3001 773 3066 ultra
794 3003 965 3067 Iordanem
984 3025 1048 3067 non
1071 3001 1204 3065 multum
1227 3001 1388 3086 processi,
1411 3011 1444 3063 et
1463 3011 1583 3063 terram
1606 2999 1742 3062 duarum
1765 3000 1820 3062 tri·

148 3122 245 3188 buum
280 3132 311 3185 et
338 3117 471 3183 dimidie
500 3140 565 3182 non
594 3119 749 3192 transiui,
777 3130 809 3183 et
836 3119 909 3183 ideo
937 3141 1001 3183 non
1024 3141 1109 3205 pono
1134 3139 1215 3181 earn.
1257 3116 1395 3181 Uidetur
1423 3123 1531 3179 tamen
1552 3115 1630 3178 milri
1652 3113 1819 3199 longitudo

149 3239 235 3319 eius,
264 3258 326 3322 que
355 3258 389 3300 se
418 3233 563 3299 extendit
593 3258 612 3297 a
641 3235 747 3319 capito
773 3239 873 3299 maris
897 3235 1023 3301 Galilee
1046 3231 1288 3321 septentrionali
1311 3254 1412 3317 usque
1435 3232 1476 3295 ad
1500 3241 1675 3295 torrentem
1697 3230 1820 3312 Arnon,

148 3352 202 3417 ubi
229 3352 438 3432 terminatur,
466 3351 533 3413 fere
563 3351 637 3426 471)
666 3349 867 3435 longitudine
896 3351 1070 3415 leucarum.
1119 3349 1256 3412 Terram
1286 3360 1391 3412 autem
1423 3348 1533 3412 decem
1564 3348 1705 3412 tribuum
1740 3350 1822 3412 citra

148 3468 320 3534 Iordanem
339 3470 373 3531 in
394 3464 595 3551 longitudine
617 3476 649 3527 et
669 3464 839 3530 latitudine
858 3467 1015 3552 Iosephus
1027 3468 1084 3544 ⁰³²)
1107 3467 1154 3529 sie
1177 3464 1347 3529 describit:

272 3583 393 3647 'l'ribus
414 3582 497 3647 Iuda
521 3583 718 3666 superiorem
741 3582 879 3647 obtinuit
900 3584 1074 3667 regionem.
1121 3581 1191 3661 Que
1212 3583 1245 3644 in
1264 3580 1465 3666 longitudine
1486 3579 1614 3666 quidem
1637 3579 1822 3643 extenditur
1840 3597 1854 3646 2

148 3700 190 3765 ab
209 3699 342 3786 Egypto
366 3720 467 3784 usque
479 3696 711 3778 Ieroselimam‚
735 3711 767 3761 et
788 3697 905 3761 dieitur
927 3698 1047 3763 habero
1061 3699 1092 3762 Π
1115 3697 1332 3777 dietas‘)⁴⁵³³);
1354 3699 1387 3760 in
1408 3697 1577 3761 latitudine
1599 3717 1676 3759 uero
1700 3696 1820 3759 amari

148 3824 274 3878 mortuo
295 3836 397 3900 usque
419 3813 461 3878 ad
481 3835 571 3877 mare
592 3834 744 3897 magnum
767 3823 880 3877 eontra
901 3815 1115 3891 occidentem3
1139 3811 1225 3899 quod
1248 3824 1297 3877 est
1318 3815 1463 3898 spacium
1485 3813 1549 3877 XV
1571 3812 1745 3876 leucarum.

272 3929 387 3993 Tribui
407 3929 567 3994 Simeonis
588 3929 622 3990 in
642 3929 714 4014 ipsa
736 3929 823 3993 tribu
838 3929 920 3993 Iuda
942 3930 1074 3994 obuenit
1096 3952 1183 4015 pars,
1205 3950 1266 4014 que
1289 3939 1337 3991 ost
1359 3929 1451 3992 iuxta
1466 3930 1636 4016 Egyptum
1659 3931 1692 3991 in
1715 3937 1821 3992 monto
1839 3942 1855 3993 3

146 4045 325 4122 Abarime.

214 4229 241 4294 a)
258 4243 363 4297 yazaca
381 4223 423 4280 st.
441 4255 471 4263 -
491 4224 520 4291 b)
539 4229 568 4278 21
589 4224 737 4282 leucarum.
772 4227 823 4280 Ed.
843 4244 902 4281 ven.
924 4257 957 4265 -
976 4234 1002 4293 c)
1020 4227 1077 4281 XII
1095 4227 1191 4280 dietas.
1209 4224 1249 4279 St.
1268 4225 1321 4279 VII
1340 4225 1365 4280 d.
1394 4225 1445 4279 Ed.
1465 4243 1524 4280 ven.
1544 4256 1572 4265 -
1594 4226 1623 4298 d)
1640 4234 1729 4281 nconto
1747 4228 1820 4280 Ara·

282 4310 324 4363 bie
342 4308 375 4363 st
386 4307 412 4361 h.
430 4307 480 4361 Ed.
501 4308 569 4362 Ven.
604 4309 753 4364 Aboritae
771 4311 930 4364 coniectura
946 4311 1016 4367 dedi.

208 4486 280 4556 626)
303 4481 462 4556 Betbsuro]
485 4479 648 4553 Beth-Zur,
676 4480 964 4541 nuncBet·S1lrdi·
1004 4504 1032 4541 v.
1054 4482 1182 4543 Raumer
1204 4504 1230 4562 p.
1254 4489 1319 4555 158,
1341 4482 1494 4541 Robinson
1514 4482 1578 4545 Pal.
1602 4484 1626 4542 I.
1650 4485 1821 4542 337—341.

147 4589 242 4640 rutum
271 4600 363 4661 prope
385 4580 452 4637 'Ain
475 4578 658 4639 etl-Dim'eh
680 4580 803 4640 IIebron
830 4582 905 4639 inter
934 4588 964 4639 et
1005 4581 1064 4641 Sed
1088 4574 1355 4661 crucesignatorum
1378 4583 1557 4660 temporibus
1579 4582 1635 4641 Bet
1658 4579 1819 4639 Dachibrin

145 4679 391 4758 Hierosolymam.
435 4677 473 4736 V.
495 4698 521 4736 v.
545 4677 672 4736 Ilnumer
691 4699 718 4756 p.
744 4684 810 4739 163.
1005 4703 1057 4760 pro
1078 4682 1207 4741 Berseba
1232 4682 1361 4741 habitam
1391 4700 1455 4739 esse
1478 4680 1564 4739 docet
1583 4680 1736 4738 Robinson
1757 4678 1821 4737 Pal.

208 4804 278 4874 aar)
300 4800 454 4875 setara-n]
485 4801 569 4860 nna
597 4801 755 4872 retinen,
784 4801 963 4873 bethzecha,
1005 4782 1029 4839 1·
1052 4786 1165 4861 34031-
1200 4781 1313 4840 nona
1335 4784 1351 4839 3
1376 4778 1423 4835 W·
1448 4802 1475 4858 r-
1495 4786 1547 4839 141
1573 4801 1601 4837 1¹·
1623 4784 1690 4839 ³8⁹·
1721 4777 1821 4836 Giezin

145 4898 261 4960 Boseth,
292 4898 431 4958 Ramnes}
453 4920 469 4959 Ο
491 4902 655 4958 conjectura
677 4902 799 4959 fortasse
822 4900 900 4960 idem
919 4910 963 4959 est
1004 4881 1090 4956 igitur
1113 4882 1234 4938 fortasse
1257 4879 1334 4938 idem
1358 4890 1401 4937 est
1423 4878 1501 4958 quod
1523 4878 1578 4936 Bet
1600 4876 1769 4936 Ilschibrin.

146 4997 223 5078 q¹¹⁰d
245 4997 360 5057 Bemk·
404 4998 471 5057 vid·
494 4998 529 5055 R·
551 5019 580 5075 Ρ·
607 5004 673 5058 163·
1068 5016 1121 5071 631
1128 5027 1137 5081 j
1161 5010 1271 5086 Giezin]
1304 5011 1477 5070 Guilielmus
1507 5010 1616 5088 Tyrius
1643 5009 1781 5068 historiae
1804 5009 1821 5068 l.

207 5124 280 5195 628)
307 5120 402 5196 Gara]
426 5119 470 5179 cf.
488 5117 641 5178 Robinson
656 5119 720 5180 Pal.
735 5120 775 5179 ΙΙ.
790 5127 960 5182 636--647,
1002 5108 1081 5167 XIV
1104 5130 1166 5187 cap·
1189 5109 1287 5169 ΧΧῙῙ
1310 5132 1338 5188 Ρ·
1361 5115 1419 5170 865
1442 5110 1620 5168 Bersabeam
1648 5107 1736 5167 tradit
1758 5128 1823 5167 esse

209 5248 281 5313 629)
311 5241 445 5318 Gazara}
482 5244 530 5301 Ita
566 5241 683 5320 Ioseph,
718 5244 786 5306 Ant¹
816 5246 885 5307 VH¹
914 5255 961 5319 41,
1003 5207 1190 5285 Belligebrim
1220 5229 1243 5269 s.
1274 5208 1391 5265 domum
1415 5207 1570 5268 Gabrielis.

145 5340 233 5402 XIII.
258 5346 286 5413 6,
309 5346 337 5413 6,
358 5362 444 5420 quem
468 5342 538 5400 citat
558 5340 744 5400 Robinsonus
760 5343 822 5404 I'al.
838 5345 878 5404 II.
902 5351 959 5407 617
1071 5344 1139 5407 632)ΙΙ
1161 5339 1315 5415 Iosephus]
1337 5341 1407 5397 Ant.
1430 5339 1466 5398 V.
1494 5347 1517 5412 l,
1540 5342 1588 5398 22.
1609 5338 1678 5399 XV.

146 5450 216 5499 Ποῖα
239 5446 273 5519 7,
295 5439 376 5499 Μ
396 5440 557 5515 Bulchasdl
577 5441 674 5499 ¹⁰⁰¹¹¹¹¹
695 5454 902 5505 mmmmm·
1071 5476 1139 5545 633)
1156 5473 1194 5529 ΙΙ
1206 5472 1309 5547 dietus]
1330 5471 1490 5531 Enumero
1507 5472 1570 5530 XII
1584 5491 1694 5543 verum,
1710 5474 1759 5553 qui
1780 5482 1823 5532 est

210 5567 281 5636 630)
307 5563 462 5638 Bersabee]
492 5560 709 5623 Beer-Scheba
742 5567 861 5645 antiqua
886 5588 965 5628 nunc
1006 5571 1046 5643 11,
1069 5571 1184 5630 ellicere
1206 5573 1269 5629 ausi
1291 5591 1399 5629 sumus.
1433 5570 1572 5649 Alioquin
1591 5591 1650 5630 non
1668 5572 1824 5651 quadraret

148 5658 252 5721 dicitur
268 5660 463 5720 BtresSeba
484 5662 711 5727 s.BirSzabea.
748 5666 875 5744 Deque
895 5668 964 5727 vide
1007 5680 1159 5748 computus
1181 5671 1284 5733 finalis.
