4214 6096
1120 357 1161 419 lh

461 555 491 619 p.
520 539 570 600 151
601 555 669 619 sqq.
713 531 806 614 Quae
833 555 917 598 anno
944 539 1021 599 1746
1055 533 1201 599 Venetiis
1227 534 1366 620 repetita
1391 555 1463 599 esse
1488 534 1599 598 fertur.
1644 532 1709 599 Sed
1739 534 1781 599 cf.
1809 557 1893 623 quae
1925 534 1967 599 de

460 646 602 713 editione
624 649 708 714 XXI
727 649 879 714 diximus.

292 767 414 841 Edtltb
442 766 541 840 XIX
568 788 656 848 1725.
682 787 827 863 Antoerp.
856 788 921 845 Fol.

460 898 648 984 Descriptio
669 908 777 963 terrae
799 909 930 963 sanctae
965 900 1570 963 111111181111111111111111118111.
1614 897 1795 966 ACanisio
1812 900 1845 962 in
1864 897 1971 986 publi·

463 1035 535 1079 cum
558 1013 651 1096 dat-a,
684 1036 725 1078 ex
756 1012 954 1078 bibliotheca
976 1015 1165 1080 monosterii
1187 1015 1416 1078 canonicorum
1445 1013 1643 1098 regularium
1666 1015 1699 1080 S.
1718 1014 1832 1099 Magni
1854 1013 1896 1078 ad
1918 1037 1973 1101 pe

460 1128 534 1193 dem
555 1131 664 1216 pontis
683 1129 941 1196 Ratisbonensis.
985 1131 1067 1196 Cum
1089 1127 1430 1195 animadversionibus
1451 1128 1563 1194 Iacobi
1585 1130 1753 1215 Basnagii.

416 1246 504 1311 Inest
525 1244 680 1309 volumini
702 1246 875 1331 inscripto:
897 1245 1105 1328 „Thesaurus
1124 1256 1404 1311 monumentorum
1427 1244 1730 1327 ecclesiasticorum,
1752 1247 1820 1310 sive
1838 1249 1972 1307 Hearici

295 1365 412 1426 Conisii
442 1361 596 1425 lectiones
625 1362 799 1448 antiquae,
833 1361 875 1426 ad
908 1360 1110 1427 saeculorum
1132 1361 1278 1426 ordinem
1300 1360 1446 1446 digestae
1466 1363 1631 1447 variisque
1658 1360 1822 1448 opusculis
1845 1369 1973 1441 auctae,

291 1478 407 1565 quibus
436 1476 653 1563 praefationes
682 1477 876 1557 historicas,
909 1477 1206 1543 animadversiones
1240 1479 1371 1542 criticas
1404 1487 1435 1541 et
1462 1487 1556 1542 notas
1581 1478 1615 1541 in
1642 1477 1785 1563 singulos
1820 1487 1972 1543 auctores

291 1593 411 1659 adiecit
438 1592 579 1659 Iacobus
613 1593 781 1678 Basnage,
819 1616 890 1658 curn
918 1593 1080 1659 indicibus
1106 1592 1399 1679 locupletissimis“,
1429 1592 1532 1659 Tomo
1561 1592 1625 1675 IV,
1656 1597 1713 1679 qui
1741 1593 1864 1679 prodiit
1892 1593 1970 1657 Am·

292 1709 424 1775 stelaed.
450 1714 527 1775 1725
549 1731 624 1795 pag.
651 1715 760 1776 1-26.
1730 1718 1733 1725 “

296 1829 413 1903 1111115
440 1827 521 1902 XX
544 1847 633 1908 1111.
670 1844 804 1904 renero.
834 1846 899 1905 111.

460 1959 552 2024 Η111
579 1957 790 2022 Beckmanno
824 1967 904 2022 teste
937 1960 1118 2023 continetur
1147 1957 1317 2023 Thesauro
1352 1959 1579 2044 antiquitatum
1612 1980 1780 2023 sacrarum
1812 1981 1833 2024 a
1852 1958 1966 2024 Blasio

457 2073 599 2160 Ugolino
627 2071 714 2137 edito
740 2072 804 2138 vol.
832 2073 878 2138 Vl
906 2094 981 2160 pag.
1009 2072 1402 2140 MXXVI-MLXVIIL
1451 2073 1514 2139 Est
1546 2075 1580 2138 in
1598 2072 1804 2140 Bibliotheca
1832 2074 1967 2162 publica

461 2190 678 2275 Gottingensi.

414 2307 545 2388 Restat,
579 2317 614 2370 ut
645 2305 760 2392 paucis
782 2303 929 2370 dicamus
950 2305 991 2370 de
1012 2304 1154 2371 editione
1173 2305 1315 2392 quadam
1327 2353 1337 2386 ‚
1366 2327 1450 2394 quse
1475 2308 1617 2372 omnium
1638 2305 1735 2372 facile
1756 2309 1971 2393 praestantis-

292 2428 375 2493 sima
396 2434 491 2505 11111,
514 2421 687 2487 dummodo
710 2421 839 2485 omnino
861 2423 1042 2486 exsisteret.

413 2541 530 2606 Victor
551 2538 697 2605 Clericus
717 2536 738 2600 l.
761 2559 789 2601 o.
811 2559 843 2622 p.
867 2541 928 2604 2118
950 2537 1029 2603 haec
1055 2537 1151 2603 dicit:

414 2657 462 2723 Le
483 2657 562 2744 pere
582 2655 630 2720 Le
651 2654 761 2739 Long,
794 2656 814 2717 11
844 2655 898 2741 qni
921 2659 1027 2741 parsit
1048 2656 1141 2719 avoir
1163 2653 1309 2740 echappd
1330 2652 1472 2718 l’edition
1499 2654 1659 2739 comprise
1685 2654 1767 2719 dans
1790 2676 1826 2719 oe
1847 2654 1967 2721 recueil

292 2775 332 2841 dc
353 2773 488 2841 Lubeck
517 2773 606 2850 (anni
632 2776 738 2852 1475),
765 2793 804 2834 111
832 2770 965 2858 indique
991 2792 1054 2834 une
1076 2771 1096 2834 11
1118 2781 1195 2857 part
1215 2768 1296 2834 Balc
1327 2774 1404 2837 1494
1434 2771 1553 2851 into,
1581 2770 1636 2855 qui
1664 2769 1745 2834 n’est
1776 2792 1900 2835 connue
1932 2775 1966 2837 ni

292 2890 332 2956 (11
352 2892 489 2971 Panzer,
508 2890 541 2954 ni
566 2888 606 2952 de
626 2887 726 2967 Hain,
749 2885 827 2952 dont
848 2885 1038 2951 Beckmann
1059 2909 1100 2950 ne
1122 2885 1214 2973 parle
1236 2908 1305 2972 pas,
1328 2896 1441 2973 etque
1464 2907 1545 2950 nous
1567 2884 1700 2950 n’avons
1723 2909 1768 2973 pu
1787 2896 1930 2951 trouver.

416 3006 510 3070 Dicit
537 3003 682 3069 Clericus
704 3002 789 3067 Bibl.
821 3025 904 3067 sacr.
927 3015 1002 3068 torn.
1024 3004 1056 3067 ll
1077 3026 1109 3090 p.
1132 3009 1193 3069 652
1215 3001 1275 3068 col.
1297 3002 1322 3085 1,
1344 3001 1400 3071 ubi
1421 3001 1502 3066 hacc
1523 3012 1667 3066 exstant:

415 3119 601 3185 Brocardus
632 3120 700 3182 sive
727 3118 931 3196 Burcardus,
964 3118 1147 3184 Germanus
1169 3119 1415 3205 Argentinensis
1443 3117 1694 3199 Dominicanus,
1725 3118 1842 3183 claruit
1878 3122 1964 3186 1283.

292 3237 416 3302 'l'errae
437 3245 569 3300 sanctae
592 3233 779 3320 descriptio,
802 3241 850 3302 16.
878 3234 1028 3300 Basileae
1052 3241 1140 3300 1494.
1161 3237 1195 3299 in
1216 3237 1261 3302 8⁰.
1292 3234 1437 3298 Venetiis
1461 3238 1540 3299 1519
1562 3244 1646 3321 etq.
1669 3257 1694 3299 s.

417 3351 483 3417 Sed
516 3348 700 3437 complures
729 3348 790 3414 hoc
821 3349 893 3414 loeo
922 3362 978 3415 aut
1006 3349 1132 3414 librarii
1162 3359 1218 3415 aut
1248 3351 1418 3437 scriptoris
1443 3372 1570 3415 errores
1596 3351 1808 3437 irrepserunt
1856 3349 1969 3417 Editio

292 3467 584 3554 magdeburgensis
612 3488 696 3532 anno
728 3471 825 3547 1587,
856 3487 920 3531 non
952 3471 1030 3533 1584
1052 3464 1183 3553 prodiit.
1225 3466 1336 3532 Editio
1359 3466 1550 3532 basileensis
1572 3468 1648 3532 anni
1672 3473 1751 3535 1537
1773 3478 1822 3531 est
1842 3467 1968 3533 formae

292 3587 465 3666 maximae,
487 3607 552 3648 non
575 3594 720 3649 octavae.
760 3581 947 3649 Editionem
968 3581 1234 3669 witebergensem
1258 3584 1334 3648 anni
1358 3590 1435 3650 1554
1457 3581 1509 3647 bis
1531 3593 1771 3664 commemorat,
1794 3581 1969 3648 editionem

292 3707 330 3777 (s.
359 3700 528 3777 editiones)
554 3702 631 3764 anni
660 3705 739 3768 1532
768 3701 886 3764 omittit
919 3702 1068 3786 scriptor.
1111 3698 1176 3780 Qui
1204 3722 1303 3786 quum
1332 3700 1429 3763 etiam
1457 3697 1665 3764 lubecensem
1691 3700 1768 3763 anni
1796 3705 1875 3767 1475
1904 3722 1968 3764 non

291 3818 392 3898 norit,
422 3839 494 3881 mea
518 3816 649 3902 quidem
671 3817 829 3881 sententia
855 3837 1007 3880 numerus
1027 3817 1089 3880 istc
1112 3821 1302 3883 1494111111
1325 3837 1434 3880 errore
1457 3817 1583 3896 nititur,
1617 3826 1648 3880 et
1668 3814 1766 3880 editio
1789 3816 1864 3880 anni
1890 3821 1968 3883 1494

291 3953 455 4018 nunquam
477 3933 642 3997 exstitisse
664 3932 801 3997 videtur.

758 4311 1211 4378 INTERPRETATIONES
1234 4309 1507 4378 BURCHARDI.

700 4481 889 4544 sln'ountn,
919 4482 1112 4528 SEPAIIATIII
1140 4481 1268 4527 EDITAE
1295 4479 1368 4528 Not<
1392 4480 1563 4527 exstant.

418 4598 645 4682 Interpretatio
668 4597 854 4681 genuanica
876 4608 924 4659 cst
945 4597 979 4659 in
1002 4594 1095 4659 libris
1116 4596 1295 4680 inscriptis:

334 4715 398 4779 Die
421 4714 499 4778 New
522 4712 610 4777 Welt
638 4710 695 4775 (111
716 4711 960 4776 Landschaftcn
988 4711 1076 4775 vnnd
1096 4710 1245 4791 Insulen,
1277 4734 1311 4774 so
1342 4710 1392 4774 bis
1420 4708 1530 4774 hieher
1552 4709 1637 4775 allon
1657 4708 1969 4795 Altwcltschrybern

374 4828 575 4894 snbekannt.
615 4825 811 4911 Strassburg
835 4832 922 4894 1534.
949 4829 981 4890 in
1003 4826 1073 4893 Fol.
1114 4826 1179 4890 Uhi
1201 4850 1231 4912 p.
1252 4831 1291 4892 93
1313 4826 1443 4911 incipit:
1473 4825 1689 4911 Eygentliehe
1710 4824 1968 4912 Bcschreybung

375 4946 431 5010 des
453 4944 606 5032 heyligcn
625 4943 737 5008 Lands
764 4941 868 5006 durch
891 4943 953 5007 den
972 4941 1092 5006 Mi'mch
1113 4941 1316 5006 Bureardurn
1346 4940 1567 5006 bcschricben.
1610 4943 1776 5028 interpres
1800 4951 1848 5005 est
1869 4940 1968 5005 Mich.

375 5064 470 5127 Herr.
513 5063 712 5127 Asservatur
733 5058 877 5123 Berolini
899 5073 929 5122 ct
951 5056 1143 5142 Hamburgi.

335 5178 521 5242 Bewohrtes
543 5175 728 5242 Reiszbuch
752 5176 831 5240 odcr
847 5173 1093 5257 Beschrcibung
1115 5172 1172 5236 des
1194 5171 1335 5257 heiligen
1348 5173 1489 5239 Laudes.
1533 5172 1736 5257 h'tiremherg
1758 5173 1821 5259 hey
1836 5174 1969 5261 Sigism.

376 5293 632 5379 Foycrabendon
657 5300 734 5362 1583
758 5316 833 5379 pag.
856 5300 914 5358 455
938 5313 1006 5377 sqq.

336 5408 426 5473 Idem
449 5408 501 5473 lib.
524 5409 675 5474 Francos.
700 5415 778 5478 1584
800 5432 830 5495 p.
853 5413 913 5475 458
937 5429 1004 5493 sqq.
1048 5404 1113 5470 Ubi
1135 5406 1262 5491 incipit:
1283 5406 1425 5471 Brudcrs
1446 5405 1610 5472 Brocards
1632 5404 1776 5490 fleiszigo
1798 5405 1967 5470 Bcschrei·

376 5523 465 5609 bung
487 5524 544 5587 dos
566 5525 707 5612 heiligen
733 5525 872 5606 Landcs,
892 5524 952 5586 wie
974 5522 1033 5586 das
1056 5523 1099 5585 im
1123 5522 1205 5587 Jahr
1229 5526 1307 5590 1283
1330 5522 1448 5608 gestalt
1471 5521 1536 5586 und
1561 5519 1745 5585 beschaffen
1767 5543 1926 5605 gewesen.

336 5641 385 5707 Cf.
406 5640 445 5707 V.
469 5638 613 5705 Clericus
633 5644 666 5705 in
688 5642 774 5706 Hist.
796 5643 843 5707 lit.
866 5641 907 5706 de
927 5639 958 5704 la
980 5640 1036 5704 Fr.
1058 5639 1150 5703 XXI.
1174 5644 1243 5706 2111.
