4214 6096
959 374 1016 433 175

120 564 122 568 ’
148 557 206 645 qui
224 555 338 621 dicunt
359 556 456 619 istam
473 553 527 629 ¹²⁰)
539 552 762 633 Hormeniam,
783 553 820 617 in
840 552 931 616 cuius
952 549 1116 615 montibus
1137 572 1215 614 arca
1234 550 1305 615 Noe
1326 560 1400 637 post
1415 548 1573 614 diluuium
1588 550 1748 637 requieuit
1761 550 1827 633 ¹²¹),

151 672 211 739 lies
232 692 348 737 uersus
368 691 430 756 pro
452 690 487 733 se
508 667 716 733 inducentes:

566 784 695 845 Coruum
715 786 838 864 perfidie
860 784 1003 845 damnent
1023 784 1163 843 animalis
1183 804 1306 864 queque,

565 884 698 943 Nuncius
720 885 840 944 inclusis
861 886 912 963 qni
932 884 1026 943 noluit
1045 903 1111 942 esse
1131 883 1242 944 salutis.

568 982 628 1042 Orc
649 981 785 1042 columba
805 1003 858 1041 suo
880 1002 993 1041 ramum
1013 981 1205 1041 niridantr'bus
1227 982 1302 1041 ultro

568 1082 684 1140 Detulit
704 1084 782 1153 ast⁸)
804 1080 897 1153 foliis3
919 1091 1052 1161 superest
1072 1080 1237 1140 Hermenia
1258 1082 1350 1140 testis.

273 1194 332 1261 Isti
355 1206 478 1277 tamen,
508 1204 543 1258 ut
563 1196 671 1259 uerius
692 1194 836 1279 quesiui,
858 1190 987 1278 decepti
1007 1194 1042 1256 in
1063 1195 1237 1279 equiuoco,
1270 1194 1347 1279 quia
1377 1206 1425 1255 est
1447 1192 1512 1256 alia
1534 1192 1690 1257 Armenia
1712 1193 1826 1259 melius
1846 1210 1876 1261 14

152 1312 216 1379 sita
240 1312 274 1375 in
302 1310 442 1392 oriente,
472 1332 535 1397 qne
564 1309 724 1374 altissima
751 1307 849 1372 habet
874 1316 1043 1391 montana,
1076 1306 1117 1372 de
1144 1330 1208 1394 qua
1229 1310 1357 1373 fuerunt
1381 1322 1413 1371 et
1434 1310 1556 1393 egressi
1579 1319 1653 1371 sunt
1673 1307 1720 1372 illi
1741 1309 1825 1374 Hor-

150 1428 246 1509 meni,
268 1427 324 1511 qui
344 1426 429 1490 hanc
448 1436 570 1489 terram
592 1433 903 1511 preoccupauerunt,
928 1422 1053 1487 Grecos
1075 1423 1117 1487 ab
1140 1446 1180 1487 ca
1200 1423 1408 1509 expellentes
1446 1423 1476 1486 A
1498 1423 1616 1508 quibus
1637 1426 1700 1487 ista
1722 1425 1827 1489 minor
1846 1445 1877 1495 15

149 1544 330 1611 Hormenia
351 1552 400 1606 est
423 1539 595 1627 appellata.

275 1656 397 1723 XVIII.
438 1657 477 1720 ln
505 1657 612 1742 prima
640 1655 779 1741 planicie
810 1654 905 1718 huius
933 1664 1018 1719 terre
1047 1666 1078 1719 et
1099 1656 1132 1718 in
1154 1657 1245 1719 exitu
1265 1656 1443 1735 montium,
1476 1677 1557 1741 quos
1586 1677 1650 1719 uno
1681 1655 1733 1718 die
1755 1672 1860 1721 cumt

151 1797 272 1863 magna
291 1774 501 1839 transiuimus
523 1770 711 1835 difficultate
725 1771 780 1849 1211)
791 1821 800 1852 ,
824 1820 831 1833 .
855 1819 863 1833 .
886 1820 894 1833 .
917 1818 925 1833 .

276 1888 320 1954 Et
341 1891 487 1953 uenimus
507 1892 739 1949 Alexumlretam
754 1888 824 1968 ¹²³),
855 1909 915 1974 que
937 1896 1008 1950 erat
1031 1888 1146 1949 ciuitas
1169 1899 1306 1968 murata,
1328 1888 1361 1950 iu
1383 1885 1477 1950 litore
1500 1888 1600 1949 uraris
1623 1888 1703 1969 sita,
1733 1886 1862 1958 modos

154 2008 327 2073 destructa.
369 2005 487 2084 Istam,
515 2014 550 2067 ut
571 2002 683 2067 dicunt
704 2002 872 2087 indigene,
901 2024 1038 2087 magnus
1060 2000 1248 2066 Alexander
1275 2002 1318 2065 ad
1347 2000 1526 2066 custodiam
1560 2004 1610 2065 sui
1630 2005 1705 2089 equi
1727 2004 1863 2068 Buce-³

153 2121 261 2211 phali,
292 2120 349 2208 qui
368 2132 444 2182 tune
464 2117 705 2198 infirmabatur,
732 2116 901 2182 laboribus
924 2119 1018 2181 unius
1038 2117 1102 2181 diei
1126 2119 1375 2203 composuit¹²⁴l
1404 2127 1436 2182 et
1457 2141 1477 2182 a
1500 2142 1556 2182 suo
1579 2121 1708 2182 nomine
1732 2118 1828 2183 deno-

152 2236 367 2313 minauit¹²⁵).
410 2235 506 2298 quta
526 2235 630 2297 eciam
650 2234 741 2298 illam
763 2244 837 2297 sunt
857 2243 954 2320 prata
975 2235 1065 2318 equis
1088 2232 1359 2298 commodissima.
1847 2241 1863 2291 4

278 2352 388 2416 Primo
410 2350 462 2414 die
483 2351 630 2413 uenimus
654 2350 698 2414 ad
712 2356 874 2413 Por-tellam
888 2352 942 2427 ΙΙῑῡ)
995 2348 1068 2413 Hoc
1090 2363 1139 2413 est
1158 2349 1265 2413 casale
1289 2348 1416 2432 bonum,
1439 2373 1542 2436 prope
1565 2374 1599 2414 se
1614 2350 1737 2414 habens
1754 2328 1863 2443 por-g

153 2470 306 2551 samm),
328 2489 348 2530 a
372 2490 436 2551 qua
456 2468 563 2552 ipsum
586 2465 822 2530 denominatur.
864 2464 935 2529 Hec
957 2464 1027 2528 sola
1049 2466 1111 2528 sita
1133 2467 1235 2529 estin
1258 2478 1360 2530 strata
1382 2465 1531 2553 publicu,
1563 2468 1595 2528 in
1624 2467 1698 2551 ripa
1719 2467 1863 2546 maris,'t

47 2638 54 2648 .
156 2598 190 2651 et
208 2595 257 2651 est
279 2582 488 2648 ornatissima
510 2580 583 2646 albo
605 2593 636 2645 ct
658 2581 754 2646 ualde
775 2582 877 2669 polito
901 2602 1063 2644 marmore
1085 2583 1284 2665 composita,
1306 2585 1340 2646 in
1363 2585 1453 2648 cuius
1476 2583 1674 2663 smnmitate,
1696 2596 1731 2646 ut
1752 2582 1831 2646 dioi-

154 2712 222 2783 tur,
250 2721 324 2766 ossa
345 2696 526 2762 Alexandri
549 2700 766 2782 prenominati
788 2702 1002 2785 requiescunt,
1037 2698 1091 2783 qui
1113 2695 1179 2759 illic
1200 2720 1251 2777 se,
1274 2709 1309 2762 ut
1331 2698 1458 2779 uolunt,
1488 2699 1566 2783 poni
1589 2698 1774 2780 mandauit,
1797 2713 1832 2763 ut

154 2839 249 2905 reges
270 2814 324 2880 uel
345 2814 511 2900 principes
534 2837 592 2898 per
613 2812 703 2876 illam
722 2828 850 2899 portam
873 2823 1078 2877 transeuntes
1105 2835 1178 2876 curn
1207 2815 1310 2877 ceiam
1339 2824 1499 2878 mortuum
1523 2836 1621 2898 super
1643 2837 1700 2877 sna
1722 2817 1831 2901 capita

154 2934 359 3013 sustinerent,
379 2952 473 3017 quem
496 2927 670 3015 aliquando
693 2931 802 2993 uiumn
825 2952 922 3016 super
945 2951 979 2993 se
1001 2930 1230 2992 sustinuerunt.
1274 2928 1346 2993 Hoc
1368 2928 1476 2992 casale
1501 2928 1601 2992 distat
1623 2930 1665 2993 ab
1687 2930 1864 2997 Alexan-s

157 3048 250 3115 dreta
270 3056 407 3132 quatuor
426 3045 526 3109 milia.

278 3161 408 3228 Deinde
427 3160 645 3247 relinquentes
667 3160 710 3223 ad
732 3160 881 3225 dextram
905 3172 1035 3221 castrum
1056 3163 1143 3246 regis
1165 3165 1282 3241 ciprum
1296 3161 1349 3238 ¹²³)
1379 3170 1410 3224 et
1432 3170 1635 3223 transcuntes
1663 3161 1864 3233 castelluma

156 3276 341 3367 quoddam,
371 3280 573 3339 Caracallum
589 3277 642 3353 ¹²⁹)
669 3276 837 3357 uidelicet,
872 3279 1019 3341 uenimus
1041 3283 1216 3339 illamistere
1229 3277 1292 3355 131).
1334 3277 1406 3341 Hec
1428 3278 1543 3340 ciuitas
1565 3276 1667 3357 bona,
1700 3280 1831 3362 superb)
1851 3302 1881 3352 ιο

157 3394 275 3461 flumen
288 3395 344 3470 ¹³¹)
367 3394 440 3474 sita,
462 3394 541 3455 satis
564 3414 688 3475 amena,
714 3416 840 3456 nunmn
862 3392 985 3456 habens
1007 3394 1096 3456 circa
1118 3415 1152 3456 se
1175 3396 1340 3474 turritum,
1366 3394 1422 3457 scd
1445 3393 1636 3476 antiquitate
1656 3413 1832 3470 corrosum,

156 3531 276 3597 paucos
298 3510 333 3573 in
353 3508 494 3595 quodam
517 3517 667 3593 respectu
689 3507 812 3572 habens
834 3508 1080 3589 inhabitatores,
1103 3509 1219 3592 quibus
1241 3508 1391 3572 omnibus
1414 3530 1471 3571 rex
1491 3506 1576 3570 illius
1592 3517 1677 3572 terre
1691 3510 1832 3595 imperat

155 3635 187 3691 et
208 3626 402 3690 dominatur.
444 3623 505 3688 Est
526 3625 559 3687 in
568 3629 593 3700 c)
615 3646 653 3687 ea
675 3626 881 3711 episcopatus
904 3623 1151 3690 Hermenorurn.
1195 3625 1240 3688 Et
1262 3624 1446 3707 sciendum,
1479 3622 1566 3711 quod
1589 3623 1739 3688 dominus
1760 3647 1830 3708 rex,
1851 3604 1881 3721 J}

138 3728 238 3807 ¹sicut
259 3749 334 3805 ante
355 3742 447 3824 tetigi
461 3742 526 3821 ¹³²),
548 3750 719 3825 postquam
743 3763 762 3803 a
783 3763 915 3805 romano
939 3740 1076 3825 imperio
1099 3763 1251 3804 coronam
1273 3742 1425 3826 suscepit,
1448 3742 1534 3803 etin
1556 3740 1619 3803 hac
1636 3741 1778 3823 ciuitate,
1800 3752 1832 3805 et

154 3862 188 3924 in
208 3856 281 3923 aliis
303 3856 495 3943 quibusdam
518 3856 635 3919 latinos
658 3858 828 3942 episcopos
843 3854 1061 3919 ordinauerat.
1097 3854 1222 3935 Quosll
1238 3856 1445 3942 postmodum
1462 3854 1582 3919 abiecit
1600 3857 1665 3937 ¹³³),
1688 3855 1832 3933 dicens⁰)
1854 3872 1882 3922 13

155 3996 190 4039 se
212 3975 328 4037 iniuste
351 3995 371 4035 a
391 3994 526 4035 romana
546 3970 683 4034 ecclesia
705 3973 838 4057 grauari
861 3980 893 4035 ot
914 3973 1194 4035 excommunicari.

221 4140 249 4199 a)
268 4136 395 4189 mazeris
405 4134 495 4205 soliis
512 4134 543 4188 B.
562 4135 700 4203 cassellis
716 4133 768 4189 Ed.
786 4164 819 4173 ——
846 4134 874 4202 bl
890 4153 977 4204 suprra
996 4134 1097 4187 flumen
1117 4134 1166 4189 Ed.
1185 4167 1219 4176 -
1244 4139 1270 4201 c)
1289 4143 1315 4190 cl
1331 4138 1360 4188 r'n
1376 4153 1410 4190 en
1430 4135 1460 4189 B.
1478 4167 1511 4175 -
1537 4135 1566 4207 d)
1583 4153 1651 4205 quos
1667 4134 1699 4189 B.
1717 4151 1765 4188 eos
1782 4134 1833 4187 Ed.

289 4250 322 4257 -
339 4236 365 4281 e)
384 4220 476 4271 ellectu
494 4218 525 4271 B.
545 4236 666 4271 asserens
683 4217 734 4270 Ed.

220 4378 288 4445 120)
310 4374 360 4450 qui
387 4374 489 4431 dicuat
512 4372 608 4447 istam]
640 4373 689 4451 qui
723 4371 823 4429 dicunt
848 4371 972 4429 Horme·
1080 4377 1148 4447 128)
1171 4386 1298 4431 costr-um
1329 4378 1408 4450 repis
1433 4372 1560 4448 aipruur]
1590 4370 1665 4429 Sunt
1692 4372 1754 4429 sive
1776 4370 1832 4429 rui-

155 4474 235 4533 niem
251 4493 274 4532 s.
291 4474 463 4531 Armeniam
484 4472 575 4530 fuisse
591 4491 665 4541 eam,
687 4472 717 4528 in
737 4472 818 4529 cuius
840 4479 869 4528 et
894 4490 920 4548 q.
949 4492 971 4532 s.
1013 4493 1070 4532 nac
1090 4474 1120 4531 in
1142 4476 1231 4530 Korn
1257 4476 1349 4548 Kujc,
1372 4476 1388 4533 i.
1412 4493 1436 4533 o.
1461 4492 1532 4530 saxo
1555 4473 1636 4547 nigro
1659 4471 1741 4541 sitae,
1761 4470 1832 4543 sive,

220 4575 288 4645 121)
309 4570 461 4647 requierit]
485 4568 591 4630 Genes.
615 4574 642 4634 8.
668 4578 695 4629 4.
1015 4591 1090 4651 quae
1113 4570 1250 4650 Chesnoy
1273 4572 1360 4643 vidit,
1392 4572 1497 4630 rudera
1524 4569 1759 4627 aedificationum
1780 4568 1831 4627 be·

221 4674 290 4743 122)
310 4668 497 4748 difficultate]
520 4669 611 4727 Deest
633 4669 697 4725 linis
720 4669 875 4727 enunciati.
1015 4671 1090 4729 salta
1117 4671 1201 4747 nigra
1233 4680 1452 4731 erstnrctarum.
1496 4668 1531 4726 V.
1554 4669 1646 4726 Ritter
1667 4665 1761 4724 XVII
1780 4668 1832 4741 (2).

221 4774 290 4841 123)
309 4768 552 4842 Λὶεωαηάνεταηι)
576 4787 631 4826 rec.
651 4766 846 4825 lskenderun.
1016 4773 1102 4829 1838,

218 4871 288 4941 124)
305 4868 471 4943 coruporur't]
496 4866 533 4924 V.
552 4866 645 4925 ltitter
665 4865 760 4924 Xl'll
782 4868 834 4939 (2).
860 4868 945 4925 1819.

217 4968 287 5039 125)
308 4966 514 5040 ‹lcaommuurtl
536 4963 718 5022 Alexandria
739 4963 777 5021 ad
793 4964 887 5023 Issum
903 4963 973 5021 Ale·
1080 5019 1148 5087 ¹30)
1163 5016 1342 5089 Mamm]
1358 5015 1477 5091 antiqua
1493 5006 1612 5084 Μόψου
1629 5008 1715 5083 ἑστία,
1734 5009 1832 5069 medio

153 5064 296 5124 xendreti
317 5065 411 5141 magis
431 5066 461 5121 in
484 5063 710 5142 septentrionem
732 5062 893 5141 spectabat.
1151 5114 1157 5126 ,
1318 5114 1323 5124 Ι
1572 5111 1604 5122 ..
1697 5111 1703 5122 ι
1738 5110 1744 5121 Ι

222 5166 291 5238 125)
312 5162 483 5237 portellam]
513 5162 624 5219 passus
647 5161 795 5220 portenae
817 5181 864 5241 ap·
884 5161 972 5219 Mari·
1016 5133 1089 5225 aevo
1120 5122 1207 5173 etrum
1229 5116 1404 5182 diametra,
1431 5131 1509 5169 nunc
1529 5114 1635 5187 illusas,
1663 5109 1761 5167 Missis
1783 5129 1833 5167 no.

155 5281 226 5321 num
252 5260 398 5321 senatum
429 5260 495 5323 Lib.
529 5280 600 5319 secr.
621 5258 669 5317 fid.
693 5279 730 5318 cr.
751 5279 781 5337 p.
804 5263 880 5335 2413
912 5268 971 5319 ent.
1013 5222 1133 5273 mmm'

154 5359 256 5431 asu,
275 5379 333 5419 ra.
355 5360 461 5437 Bajas:
483 5358 577 5418 artur
597 5357 691 5416 xvir
712 5360 764 5430 (a.
790 5361 875 5418 saar.
1081 5325 1281 5400 13bflumen}
1304 5324 1474 5402 Puteum·

219 5460 289 5531 121)
305 5458 436 5535 portam}
460 5456 557 5531 Quam
577 5456 674 5515 denuo
697 5457 809 5514 invenit
824 5456 971 5516 Pococlse.
1079 5440 1245 5511 1321810141
1267 5448 1336 5496 am
1358 5438 1449 5513 16ίὶθῆ
1471 5458 1496 5498 ⁰-
1516 5436 1604 5511 XVI,
1626 5441 1655 5498 2·

155 5556 193 5618 V.
207 5556 302 5617 sicar
314 5555 409 5615 XVII
426 5559 478 5628 (2).
495 5560 580 5616 1828.
602 5564 633 5613 et
646 5552 799 5613 Pococlre:
822 5554 972 5615 Bescbrei-
1081 5558 1148 5627 133)
1176 5553 1289 5627 ‹abiecitl
1327 5553 1403 5612 eirca
1434 5574 1462 5613 a.
1502 5557 1586 5615 1203.
1639 5552 1676 5612 V.
1710 5549 1833 5610 Willren

157 5656 238 5733 hung
259 5654 312 5715 des
333 5652 562 5733 Morgenlandes
582 5654 623 5714 11.
647 5656 715 5716 258.
1014 5653 1067 5713 Vl.
1090 5656 1139 5713 24.

1080 4894 1147 4965 129)
1174 4890 1382 4966 Cbnmnellam]
1406 4890 1503 4948 Locus
1525 4890 1650 4967 ignotus.
