4214 6096
866 608 1083 729 Am„

200 854 322 918 uiatico
346 864 410 918 tam
434 852 574 938 piscium
597 872 694 938 quam
717 849 880 921 fructuum
903 862 937 918 et
959 853 1055 936 paule
1078 862 1112 919 et
1134 852 1225 922 dicto
1247 851 1321 926 uela
1344 853 1746 935 cambenedictionem
1822 898 1825 927 ;

201 978 322 1043 dimisit
350 979 383 1042 in
413 998 506 1062 pace.
557 977 697 1061 Arrepto
724 977 837 1065 itaque
866 977 981 1044 itinere
1010 977 1073 1043 Dei
1102 977 1212 1062 gracia
1242 989 1278 1046 et
1304 979 1372 1047 nitu
1403 981 1524 1051 comite
1552 981 1669 1056 Annon
1696 984 1745 1058 ica
1779 985 1807 1046 5.

199 1103 338 1170 columis
362 1123 434 1169 sum
458 1118 637 1187 regressus.

331 1241 555 1311 xxvln.
599 1244 786 1309 Notandum
816 1245 904 1330 qnod
934 1244 1053 1311 ciuitas
1081 1253 1197 1309 sanctu
1217 1243 1413 1310 derosolima
1442 1248 1622 1313 secundum
1645 1268 1746 1333 quw
1780 1257 1808 1319 12.

199 1373 273 1436 dam
301 1372 335 1434 in
365 1366 522 1442 umbilico
550 1369 661 1435 mundi
690 1371 800 1455 posite
830 1380 892 1435 eet.
939 1368 1001 1437 Gni
1030 1369 1073 1435 eb
1101 1370 1226 1435 oriente
1253 1370 1381 1435 adiacet
1407 1369 1577 1457 Ethiopia,
1612 1373 1745 1456 Ambio,
1778 1379 1808 1445 2.

157 1515 158 1518 ’
199 1497 333 1578 Persiu,
357 1496 398 1561 ab
422 1495 595 1561 occidente
618 1516 707 1561 mure
728 1496 1012 1577 mediterraneum,
1047 1494 1224 1577 Pbilistea,
1253 1494 1421 1582 Egyptus,
1450 1496 1621 1579 Numidia,
1650 1518 1745 1564 mons

200 1624 303 1704 Sinai,
319 1621 468 1702 Galbae,
491 1621 599 1708 Syrie,
625 1622 784 1702 Ydumee,
808 1621 1060 1707 Mesopotamia,
1084 1620 1219 1702 Galdee,
1242 1620 1396 1689 Armenia
1417 1631 1452 1686 et
1473 1621 1668 1691 Damascus.

331 1747 508 1814 Sciendum
525 1749 643 1830 eciem,
667 1748 754 1835 qnod
772 1749 806 1812 in
825 1746 1046 1814 transmarinis
1064 1747 1214 1833 partibus
1230 1746 1485 1813 Christianorum
1507 1747 1561 1813 lex
1583 1750 1616 1814 in
1641 1750 1746 1815 dinen
1778 1753 1809 1814 3.

198 1896 258 1942 sas
280 1874 392 1941 sectas
416 1876 525 1940 scissa
548 1884 610 1938 est.
655 1871 799 1958 Quidem
822 1874 907 1939 enim
931 1885 1009 1939 sunt
1030 1872 1155 1954 Latini,
1180 1874 1312 1960 quidam
1334 1873 1432 1938 Greci
1455 1883 1490 1939 et
1512 1874 1656 1957 Suriaci,
1679 1877 1745 1943 Lu·
1778 1882 1808 1940 1.

199 2001 278 2066 tinis
302 2000 465 2080 contrarii,
490 2000 545 2086 qui
569 2020 666 2064 unam
689 1997 810 2063 habent
831 1997 937 2083 legem
960 2010 995 2064 et
1011 2000 1045 2064 in
1062 2000 1276 2064 sacramentis
1295 2000 1495 2081 concordant
1511 1999 1746 2085 spiritualibus·

332 2126 461 2192 Dicitur
482 2126 524 2191 de
548 2125 680 2206 Grecis,
712 2124 800 2211 qnod
824 2125 961 2189 credunt
983 2124 1139 2208 Spiritum
1162 2114 1319 2189 Sanctum
1340 2144 1406 2187 non
1430 2144 1449 2188 a
1472 2123 1568 2189 Patre
1592 2136 1625 2189 et
1647 2125 1744 2208 Filio,
1779 2133 1808 2193 5.

200 2251 260 2316 sed
279 2271 298 2314 a
318 2249 391 2316 solo
411 2249 508 2316 Patre
525 2250 713 2334 procedere.
750 2249 857 2334 Super
873 2269 939 2336 qno
957 2250 1087 2334 quidam
1105 2249 1285 2334 episcopus
1304 2247 1432 2315 Grecos
1449 2269 1502 2314 me
1519 2249 1747 2335 expedtmsffl
1777 2253 1808 2317 d.

198 2375 281 2440 dixit
303 2395 368 2441 non
393 2395 472 2440 esse
494 2375 550 2454 ite,
573 2375 633 2440 sed
650 2372 780 2440 Grecos
802 2393 843 2439 eo
863 2374 961 2439 rnodo
983 2374 1127 2454 credere,
1150 2394 1216 2459 quo
1234 2372 1384 2455 Latinos,
1406 2375 1471 2439 nisi
1495 2375 1584 2461 quod
1607 2373 1746 2445 tennen-
1781 2427 1785 2434 -
1814 2386 1817 2391 ’

197 2512 299 2567 tetum
319 2499 467 2566 offerunt.
502 2499 626 2566 Altaria
645 2510 722 2586 post
738 2497 993 2569 celebrationem
1010 2497 1197 2565 Latinorum
1215 2499 1328 2564 dieunt
1344 2499 1476 2584 quidem
1493 2500 1583 2584 quod
1599 2498 1745 2581 abluant,
1779 2504 1808 2567 1.

198 2627 259 2691 sed
282 2626 368 2691 idem
391 2627 572 2711 episcopus
596 2624 661 2690 hoo
681 2625 779 2711 plane
803 2622 986 2689 dedixit⁵⁵⁴.

333 2751 416 2832 Atti,
446 2751 612 2833 demite,
642 2772 662 2816 a
688 2751 832 2836 quodem
853 2747 980 2815 Jacobo
1013 2761 1138 2814 sectum
1168 2769 1261 2814 suam
1290 2748 1475 2830 trabentes,
1502 2751 1559 2837 qui
1589 2748 1745 2817 Galdeam
1777 2755 1809 2822 8.

199 2874 320 2940 babent
341 2875 481 2942 litterum
493 2876 540 2958 ⁵⁶⁵,
571 2875 646 2943 solo
675 2873 780 2960 digito
809 2874 919 2939 indice
946 2893 985 2938 se
1013 2872 1211 2939 benedicunt
1236 2886 1273 2938 et
1294 2873 1399 2940 solem
1423 2875 1559 2941 eredunt
1581 2876 1745 2944 unitatem

199 3000 363 3066 Sacerdos
388 3013 422 3067 et
443 3003 602 3067 diaconus
626 2999 725 3066 simui
747 3000 781 3064 in
803 2997 896 3063 altari
917 2996 1154 3064 eonfieimtffi.
1200 2997 1259 3064 isti
1282 3001 1522 3066 descenderunt
1543 3002 1587 3067 de
1603 3002 1745 3090 Egypto‚
1778 3007 1809 3069 9.
1846 3007 1896 3070 ld.
1985 3058 1988 3067 .

201 3137 235 3190 et
257 3128 368 3192 dicunt
392 3148 430 3193 sc
453 3147 531 3193 esse
554 3128 596 3192 de
617 3146 737 3211 genere
759 3124 952 3193 Pharaonis.

332 3251 399 3316 Alii
421 3263 499 3317 sont
521 3251 716 3336 Georgium,
744 3261 895 3316 sanctum
919 3248 1096 3334 Georgium
1120 3261 1329 3331 uenerantes,
1360 3254 1507 3316 strennui
1520 3252 1556 3293 ³⁵¹
1578 3256 1611 3319 in
1634 3256 1744 3336 armis,
1780 3257 1829 3325 ll.

199 3386 233 3439 et
262 3375 462 3441 Sarracenos
490 3374 625 3441 multum
655 3374 823 3443 infestant.
874 3375 1011 3441 Barbam
1043 3375 1187 3441 nuhiunt
1221 3388 1255 3441 et
1287 3397 1421 3442 comam
1472 3379 1595 3467 Omnes
1624 3380 1744 3447 habent
1779 3384 1828 3449 lt.
1868 3385 1916 3448 13.

199 3520 337 3565 coronas
361 3499 409 3582 ⁵⁵⁸,
439 3511 505 3564 tam
532 3499 609 3566 laici
632 3521 728 3585 qnam
752 3499 877 3566 clericir
905 3499 982 3565 laici
1005 3501 1195 3585 qnadrttas,
1225 3500 1335 3567 clerici
1363 3503 1529 3569 rotundas.
1577 3504 1743 3590 Propria·
1779 3511 1828 3573 tt.

149 3694 154 3703 ,
197 3623 320 3692 babent
339 3626 493 3707 'litteram
517 3624 661 3691 ferentes
684 3627 717 3691 in
740 3626 904 3711 capitibus
927 3624 1029 3711 pilleo
1051 3623 1091 3665 ⁵⁵⁹
1109 3626 1211 3692 »unius
1234 3625 1312 3692 uine
1333 3624 1444 3713 longe.

329 3750 396 3817 Alii
420 3752 580 3833 Armenii,
610 3752 665 3837 qui
695 3762 842 3836 tempore
869 3753 1051 3818 natiuitatis
1075 3750 1314 3825 Christianum
1337 3751 1504 3819 celebrent
1525 3753 1681 3818 ieiunium
1710 3763 1744 3820 et
1778 3764 1827 3827 lb.

196 3876 228 3938 in
247 3874 421 3961 epiphania
439 3875 560 3943 Christi
576 3887 709 3945 seruant
726 3877 937 3942 natiuitatem.
972 3875 1057 3941 inter
1074 3877 1159 3941 istos
1178 3887 1210 3941 et
1229 3875 1368 3957 Grecos,
1389 3877 1465 3965 qnia
1482 3878 1638 3964 contigue
1655 3888 1742 3959 sunt,
1779 3886 1828 3949 id.
1955 3893 1961 3912 ²

196 4002 238 4067 de
261 4000 335 4087 lege
358 4004 502 4089 ipsorum
527 4022 657 4089 semper
680 4012 733 4066 est
756 4002 971 4089 disceptatio,
1002 4013 1035 4065 et
1064 3997 1228 4071 odiunt⁶⁶⁰
1250 4021 1289 4067 se
1314 4000 1501 4091 mirabiliter
1523 4001 1569 4066 ibi
1592 4005 1742 4070 inuicem.

326 4125 407 4208 Alii,
430 4127 629 4207 Nestoriani,
653 4129 687 4193 in
711 4125 776 4193 lide
798 4126 943 4193 heretica
966 4127 1146 4213 depromet,
1166 4124 1324 4197 Gnldeam
1346 4124 1467 4191 babent
1487 4125 1636 4193 litteram.
1777 4137 1827 4197 1‘1.

328 4224 479 4317 Pretereu
508 4262 586 4318 suut
614 4253 659 4319 ibi
691 4250 928 4332 noncbristiaui
960 4252 996 4319 in
1032 4252 1141 4324 nahas
1171 4261 1282 4323 sectas
1312 4251 1428 4333 diuioi3
1463 4254 1600 4337 primum
1633 4253 1741 4335 Judai,
1777 4263 1825 4326 18.
1886 4315 1895 4335 Ι

66 4396 70 4408 ·
194 4371 250 4437 aiii
273 4372 425 4455 Seduoel
455 4377 510 4461 qni
533 4361 801 4444 resurrectionem
822 4396 890 4443 non
914 4378 1066 4458 credunt3
1094 4376 1164 4458 elii,
1191 4375 1400 4458 Samaritani,
1428 4377 1535 4444 linteo
1553 4379 1741 4444 circinatum

293 4683 366 4752 ¹553)
385 4703 425 4738 m
438 4685 583 4756 apediem]
603 4649 659 4741 rent
678 4689 764 4754 ipsam
778 4687 842 4743 mibi
861 4688 1007 4756 erpiieune.
1016 4688 1052 4728 -'-
1061 4687 1128 4756 stt>
1137 4688 1246 4756 deditit]
1257 4690 1373 4755 deguit
1392 4690 1443 4743 Eat
1452 4689 1589 4745 Gallorum
1602 4689 1697 4746 didita.
1706 4718 1742 4735 --

192 4792 258 4859 555)
272 4791 398 4860 thenon]
413 4794 666 4859 unanimorum
681 4804 771 4862 notes,
790 4794 967 4853 buchstebeu.
982 4827 1018 4839 -
1032 4797 1099 4865 bbd)
1113 4796 1264 4866 modeim]
1278 4804 1438 4853 consecrant
1449 4811 1550 4864 corpus
1565 4795 1675 4856 (ttrtrtt.
1700 4799 1741 4861 Ita

191 4901 272 4951 etiam
289 4917 360 4954 acue
377 4901 450 4954 Gelli
469 4899 598 4956 adhibent
614 4906 723 4959 terbum
741 4905 845 4974 ωψο.
863 4933 900 4946 -·
916 4903 986 4974 557)
1004 4907 1133 4973 mni]
1156 4907 1268 4961 wenni.
1285 4934 1321 4946 -
1339 4903 1406 4975 ⁵⁵⁸)
1422 4904 1538 4972 mm]
1556 4910 1691 4961 tontum.
1705 4931 1741 4946 —-

191 5004 257 5073 559)
272 5005 365 5077 pillea]
383 5010 478 5076 pileor-
496 5039 532 5050 -
550 5009 616 5078 560)
634 5013 737 5079 dien]
756 5013 878 5068 oderunt.

1503 5110 1543 5165 7·
