4214 6096
1059 342 1098 403 36

248 520 349 606 lapidi
370 522 529 605 impressa
551 521 583 582 in
605 519 659 584 die
679 520 765 584 beati
787 520 961 606 Augustini
977 520 1049 599 169),
1076 540 1147 582 oum
1174 518 1219 582 ibi
1243 542 1363 601 essem,
1392 519 1450 584 sed
1471 541 1543 584 cum
1566 532 1680 606 postea
1701 522 1735 585 in
1754 522 1838 587 festo
1858 543 1915 587 aa·

247 636 462 701 nunciationis
476 636 531 707 110)
553 635 721 717 redissem,
744 635 917 699 Sarraceni
939 634 1080 721 lapidem
1103 632 1193 698 illum
1215 633 1397 699 detulerant
1417 634 1458 699 de
1479 634 1549 700 loco
1571 635 1636 700 illo.

200 759 229 808 ¹⁰
368 767 449 832 lude
475 766 517 830 ad
546 766 658 831 decem
680 791 795 855 passus
826 779 874 832 eat
899 766 1004 847 locus,
1032 765 1088 829 ubi
1110 768 1232 852 egressi
1254 767 1403 854 discipuli
1426 767 1466 831 de
1487 769 1564 831 naui
1587 768 1740 833 uiderunt
1761 774 1917 855 pruuw)

182 895 184 899 ’
246 883 368 968 positas
396 895 426 946 et
456 884 577 968 piscem
601 885 840 970 superpositum
864 894 896 947 et
918 905 1032 969 panem
1049 884 1110 958 ¹⁷¹).
1152 882 1307 960 [Uocatur
1327 895 1434 947 autem
1456 905 1475 946 a
1496 882 1692 949 Christianis
1713 882 1829 948 tabula
1849 884 1918 948 siue

245 1004 365 1077 mensa]
379 999 441 1074 114·’).

197 1132 222 1180 ¹¹
369 1130 419 1194 De
449 1131 518 1196 loco
547 1133 609 1195 isto
633 1131 792 1196 adunam
813 1130 939 1194 leucam
960 1140 1072 1193 eontra
1095 1131 1251 1193 orientem
1273 1143 1321 1194 est
1346 1134 1561 1210 capharnaum
1577 1130 1632 1206 ¹⁷³)
1655 1133 1788 1213 ciuitas,
1816 1153 1917 1219 quou-

245 1245 319 1310 dam
340 1246 491 1330 gloriosa,
515 1246 571 1310 sed
593 1270 678 1310 nunc
700 1258 748 1310 est
768 1245 863 1309 ualde
883 1245 974 1326 uilis,
998 1246 1053 1309 uix
1076 1245 1198 1309 habens
1221 1259 1343 1331 septem
1367 1245 1479 1310 domos
1501 1268 1683 1332 pauperum
1705 1250 1915 1335 piscatorum.

244 1361 288 1425 Et
309 1376 358 1455 est
380 1365 488 1433 uereb)
508 1365 541 1426 in
565 1386 604 1426 ea
625 1363 791 1449 impletum
812 1360 892 1425 illud
913 1360 1048 1424 uerbum
1070 1362 1205 1425 Domini
1227 1361 1338 1425 Ihesu:
1368 1369 1428 1441 „Et
1449 1375 1488 1431 to,
1515 1364 1747 1445 Goplornoom,
1771 1367 1799 1424 si
1820 1368 1853 1425 t'n
1874 1387 1918 1425 ee-

244 1482 303 1538 lum
324 1483 508 1557 ascenderis,
527 1503 617 1559 usque
639 1485 680 1540 od
701 1484 852 1556 infernum
874 1481 1032 1556 1111191νὶ1*
1050 1478 1113 1553 ¹⁷⁴).

195 1619 225 1668 m
366 1609 418 1672 Dc
439 1612 501 1674 isto
523 1610 593 1675 loeo
614 1610 656 1673 ad
678 1609 759 1673 duas
781 1609 889 1673 leucas
911 1608 1059 1672 Iordanis
1080 1608 1198 1673 fluuius
1221 1632 1310 1673 mare
1332 1608 1459 1674 Galilee
1478 1610 1671 1694 ingreditur,
1692 1611 1726 1675 iu
1749 1612 1840 1675 ouius
1863 1610 1915 1675 lit·

243 1724 313 1788 tore
337 1725 482 1789 ulteriori
503 1725 652 1789 uidentur
674 1725 780 1789 adhuc
802 1727 893 1789 ruine
915 1726 1056 1787 ciuitatis
1079 1727 1259 1804 Corrozoym
1274 1727 1328 1801 ¹²⁵)
1351 1748 1451 1812 supra
1471 1748 1562 1790 mare
1584 1725 1719 1791 Galilee.

195 1876 224 1924 13
367 1865 418 1929 De
445 1866 515 1929 loco
546 1867 622 1946 isto,
652 1865 774 1929 scilicet
796 1864 1015 1949 Corrozaym,
1043 1864 1084 1929 ad
1115 1887 1211 1929 uuam
1239 1865 1365 1929 leucam
1395 1867 1510 1952 incipit
1535 1888 1689 1930 ascensus
1716 1869 1835 1931 montis
1858 1870 1913 1954 Sa-

242 1988 330 2060 1110)
344 1983 407 2063 ¹⁷⁶),
430 1983 498 2044 siue
517 1980 599 2067 Seyr
621 1980 797 2045 secundum
819 1979 986 2067 quosdam,
1009 1986 1070 2051 etl)
1093 1982 1242 2045 introitus
1268 1980 1412 2045 Ydumec
1428 1983 1490 2057 ¹⁷⁷).

194 2144 223 2193 14
325 2119 402 2184 Inde
424 2120 466 2184 ad
487 2140 553 2184 tres
575 2121 683 2185 leucas
705 2132 754 2184 est
778 2122 876 2183 Cedat·
893 2122 947 2196 Ιῖ’1)
969 2121 1094 2203 ciuitas,
1116 2120 1258 2207 gloriosa
1280 2136 1310 2185 et
1326 2121 1418 2185 firmo
1440 2121 1510 2186 loco
1528 2123 1600 2203 sita,
1622 2123 1655 2185 in
1672 2132 1781 2187 monte
1794 2120 1914 2211 Sanyr,

242 2235 285 2299 ad
307 2238 470 2300 orientem.
514 2237 557 2300 Et
576 2261 634 2323 per
656 2237 739 2300 hanc
762 2238 927 2300 ciuitatem
948 2238 1065 2300 transit
1087 2237 1158 2317 uia,
1190 2261 1268 2323 quc,
1297 2250 1332 2300 ut
1361 2237 1480 2300 dictum
1503 2260 1602 2323 supra
1616 2239 1686 2319 ¹³⁹),
1716 2240 1834 2301 transit
1855 2258 1914 2323 per

242 2351 330 2416 littus
358 2354 457 2416 maris
481 2352 623 2434 (ialilee,
653 2365 684 2417 et
710 2353 797 2417 ducit
825 2352 867 2417 ad
895 2352 1111 2432 occidentem,
1142 2354 1224 2416 sicut
1255 2352 1371 2416 dicitur
1403 2354 1437 2415 in
1458 2352 1642 2430 Tobia¹⁸⁰).
1684 2353 1722 2417 In
1743 2352 1915 2431 Ysaia¹⁸¹)

242 2480 349 2531 autem
368 2469 423 2532 uia
445 2471 507 2533 ista
529 2482 662 2533 uocatur
691 2474 741 2530 uio
763 2475 856 2530 rueris
871 2468 928 2545 112)
958 2482 1044 2529 trans
1067 2473 1227 2529 Iordanem
1251 2473 1366 2533 Galilee
1392 2472 1533 2546 qeacium.
1583 2474 1639 2531 Uio
1668 2473 1762 2531 araris
1786 2468 1915 2551 dieitur,

242 2585 318 2667 quia
339 2585 467 2649 omnino
490 2584 690 2670 proceditis
712 2584 820 2649 littore
842 2587 950 2648 maris.
996 2591 1096 2644 Troas
1120 2590 1278 2646 Iordanem
1300 2584 1447 2666 additur,
1479 2586 1555 2670 quia
1578 2583 1666 2649 <lucit
1689 2597 1778 2648 trans
1800 2583 1913 2649 Iorda-

308 2797 336 2850 11)
350 2799 530 2851 praesumem.
550 2781 589 2836 St.
607 2813 640 2821 -
658 2782 686 2849 11)
696 2788 763 2852 sere
782 2782 820 2836 St.
838 2812 871 2821 -
889 2798 914 2835 ct
933 2799 1042 2849 arocrayr
1061 2780 1100 2835 St.
1122 2811 1152 2818 —
1170 2780 1199 2849 (1)
1215 2799 1276 2847 aepsr
1293 2783 1437 2834 sectandum
1456 2799 1523 2851 quoa
1543 2783 1609 2835 detes
1626 2789 1651 2834 et
1668 2780 1709 2835 St.

307 2959 375 3028 lea)
391 2957 422 3012 itt
435 2956 481 3012 die
496 2955 573 3012 beati
587 2956 754 3031 Augustius]
770 2956 825 3013 Est
841 2954 904 3014 dies
913 2954 1056 3014 XXVIII
1100 2953 1239 3011 orientem
1266 2952 1411 3033 quadrant
1437 2955 1465 3011 in
1489 2952 1559 3012 'Pell
1581 2953 1677 3025 1111111,
1705 2952 1785 3032 quod
1803 2952 1916 3012 Robin-

241 3073 276 3111 m.
299 3054 435 3129 Augusti.
470 3053 510 3111 Et
529 3053 753 3123 animadvertas,
775 3072 893 3132 quaeso,
916 3052 1057 3112 Burchar·
1099 3071 1170 3109 sono
1193 3053 1255 3130 ipso
1276 3062 1394 3111 auctore
1418 3051 1508 3111 horae
1528 3053 1655 3130 spatium
1682 3051 1769 3111 abest
1789 3051 1827 3111 ab
1847 3051 1917 3111 'sin

241 3149 311 3208 dum
332 3150 359 3211 h.
382 3152 401 3209 1.
424 3150 502 3210 diem
523 3161 645 3222 tantum,
667 3171 725 3209 non
748 3171 855 3209 anuum
879 3172 995 3231 quoque
1016 3154 1057 3210 iu-
1101 3148 1164 3207 Tin
1177 3174 1183 3222 3
1198 3149 1270 3209 hora
1286 3163 1383 3211 autem
1399 3160 1506 3230 aequat
1522 3149 1683 3209 Burclrmdi
1700 3151 1823 3210 leucam.
1846 3148 1915 3212 Vid.

240 3247 362 3309 dicasse.
1100 3268 1157 3305 van
1185 3247 1221 3306 de
1243 3248 1338 3309 Velde
1359 3249 1483 3308 Memoir
1510 3270 1537 3328 p.
1563 3253 1619 3309 301
1644 3270 1687 3328 sq.
1729 3249 1824 3309 Ritter
1844 3247 1916 3311 XV.

311 3352 378 3420 170)
411 3350 441 3406 ia
463 3352 545 3420 festo
573 3349 825 3424 annunciationis]
859 3349 946 3408 Diem
973 3351 1059 3426 igitur
1101 3350 1270 3411 339-344.
1314 3370 1340 3408 ν.
1363 3349 1490 3407 Ruumer
1511 3369 1540 3427 p.
1566 3351 1734 3409 116—118.

240 3448 482 3518 annunciationis,
504 3449 554 3527 qui
575 3459 619 3507 est
641 3447 667 3507 d.
689 3447 782 3506 XXV
804 3469 842 3508 m.
866 3448 970 3521 Martii,
992 3460 1059 3527 post
1164 3453 1233 3520 174)
1254 3448 1403 3522 mergeris]
1425 3446 1581 3505 Commixti
1602 3458 1669 3504 sunt
1690 3446 1747 3507 bl.
1765 3446 1823 3505 loci
1841 3445 1915 3506 duo:
1945 3524 1949 3531 Ι

241 3544 317 3605 diem
346 3544 424 3605 beati
448 3547 618 3623 Augustini,
647 3549 695 3627 qui
723 3560 766 3606 est
796 3547 823 3607 d.
845 3546 988 3606 XXVIII
1019 3568 1056 3608 m.
1098 3545 1200 3604 Matth.
1221 3546 1278 3605 XI.
1300 3552 1338 3607 23
1361 3558 1390 3605 et
1411 3547 1511 3605 Lucae
1533 3545 1573 3602 X.
1600 3551 1644 3605 15.

239 3646 373 3723 Augusti,
397 3657 603 3705 commemorat
623 3648 753 3725 scriptor.
795 3644 883 3719 Quod
904 3667 993 3725 quum
1016 3648 1056 3704 ita
1164 3651 1231 3714 175)
1257 3646 1445 3721 Corrozuyml
1478 3644 1628 3703 Chorazin
1657 3645 1793 3723 antiqua,
1819 3646 1915 3704 Kera-

239 3744 291 3817 sit,
323 3747 465 3823 sequitur,
497 3764 562 3803 eum
584 3746 734 3803 minimum
758 3745 905 3804 biennium
928 3746 956 3802 in
978 3754 1056 3803 terra
1098 3744 1152 3802 zeli
1175 3746 1288 3815 ruinae,
1316 3766 1350 3815 „a
1372 3765 1451 3803 mass
1472 3744 1506 3802 of
1525 3745 1622 3802 ruins“
1646 3762 1719 3822 quas
1741 3742 1811 3801 dicit
1833 3742 1914 3803 Van·

241 3855 343 3901 sancta
359 3844 457 3903 fuisse.
1096 3841 1249 3901 develdius
1270 3852 1302 3922 p.
1325 3849 1394 3904 304.
1435 3840 1654 3901 0111111111
1674 3842 1712 3900 N.
1730 3842 1767 3900 F.
1790 3862 1818 3920 p.
1845 3846 1913 3903 467.

306 3948 374 4013 171)
398 3963 517 4017 pronos
544 3976 583 3983 -
606 3944 723 4017 ponem]
761 3941 835 4000 Sunt
870 3943 943 4001 haec
974 3942 1054 4022 apud
1098 3938 1157 3998 Sed
1187 3940 1231 3999 his
1260 3943 1404 4000 contraria
1426 3941 1495 3999 dicit
1518 3939 1715 4011 Burclrardus,
1743 3941 1793 4020 qui
1815 3941 1846 3998 ia
1869 3942 1914 3998 ol·

238 4041 303 4100 Ioh.
324 4040 415 4099 XXI.
438 4048 464 4101 9.
1097 4040 1202 4097 teriori
1223 4041 1307 4098 litore
1330 4043 1411 4120 ponit
1433 4039 1628 4118 Corroaaym,
1655 4050 1687 4096 ut
1708 4040 1767 4097 siut
1787 4040 1913 4099 fortasse

223 4160 226 4165 ’
305 4144 373 4212 172)
400 4142 533 4198 Uocatur
558 4151 654 4198 eutem
683 4161 701 4197 o
726 4142 793 4198 Ulrr.
819 4141 875 4197 tob.
898 4162 920 4201 s.
943 4140 1052 4213 menso]
1097 4140 1257 4216 parietinae
1279 4141 1447 4211 'Arodscd,
1470 4159 1542 4218 quas
1565 4149 1773 4198 commemorat
1793 4138 1915 4199 Vende-

237 4239 322 4298 Ilaec
347 4258 523 4318 quamquam
544 4241 644 4316 glossa
666 4250 742 4307 suut,
762 4238 828 4296 huic
843 4251 940 4297 tamen
959 4248 1053 4297 textus
1097 4237 1220 4296 valdius.

238 4339 302 4397 loco
337 4339 430 4413 magis
462 4357 549 4417 quam
583 4339 725 4417 superiori
760 4336 800 4395 illi
830 4337 1052 4397 conveniebant.
1164 4342 1230 4397 1761
1256 4337 1366 4412 Sauprj
1389 4335 1433 4395 cf.
1455 4358 1481 4396 v.
1502 4337 1631 4394 Raumcr
1651 4358 1678 4415 p.
1699 4341 1766 4399 216.

237 4438 353 4497 Etenim
382 4456 441 4495 nou
464 4437 511 4495 ubi
539 4436 719 4515 praedicavit
740 4437 897 4505 Dominus,
929 4435 981 4494 sed
1005 4435 1052 4494 ubi
1162 4440 1230 4503 177)
1254 4437 1393 4492 introitus
1414 4436 1539 4509 Idomee]
1575 4436 1720 4495 Dissentit
1740 4436 1865 4497 Carolus
1895 4457 1915 4497 a

237 4559 302 4596 curn
331 4536 480 4614 discipulis
511 4535 651 4607 comedit,
681 4548 743 4594 erat
771 4536 865 4605 locus,
898 4554 983 4612 quem
1012 4537 1054 4591 ad
1096 4532 1263 4611 Itanmmp
1300 4538 1368 4594 240.

237 4656 364 4694 inensam
387 4634 519 4714 appellat
541 4634 618 4711 Mag.
642 4634 844 4699 'l'lsietmarus,
868 4634 949 4690 cuius
972 4653 1053 4711 pere·
1163 4636 1229 4695 178)
1254 4635 1360 4707 l'edor]
1394 4634 1482 4692 Hauc
1511 4634 1609 4692 urbem
1639 4634 1761 4692 Carolus
1789 4654 1808 4692 a
1833 4634 1914 4695 Rau·

235 4736 428 4809 grinationern
450 4732 563 4791 videl.
588 4737 625 4793 26
648 4742 717 4790 nota
739 4736 776 4792 48
800 4753 829 4810 p.
853 4737 879 4789 5.
1097 4751 1158 4789 mer
1182 4752 1274 4809 prope
1295 4732 1389 4789 lacurn
1412 4732 1545 4790 Phialam
1566 4736 1724 4802 (recentem
1747 4732 1850 4791 Birlret
1870 4752 1914 4793 er·

301 4836 367 4903 173)
393 4832 616 4907 Caphereum]
645 4830 881 4900 Vandeveldius,
904 4830 1006 4889 ltitteri
1037 4853 1054 4888 a
1096 4828 1198 4901 111111),
1220 4832 1304 4887 situm
1328 4831 1416 4890 fuisse
1437 4833 1559 4889 coniicit.
1602 4831 1707 4909 Neque
1729 4840 1806 4901 erat,
1833 4830 1913 4910 quod

237 4932 365 5006 partibus
395 4944 489 5001 stane,
523 4951 624 4989 recens
655 4930 724 4989 'rell
751 4929 846 4999 Hirm,
883 4949 940 4986 uon
963 4929 1053 4988 Khtn
1095 4927 1256 4986 Raumerus
1279 4949 1305 5006 p.
1324 4934 1381 4988 246
1406 4929 1581 4999 Burchardo.
1604 4950 1688 5008 quem
1712 4928 1841 4988 Sanutua
1863 4929 1915 4991 de·

236 5027 362 5103 Minijeh
384 5032 534 5109 antiquum
557 5028 742 5110 Capernaum
771 5049 836 5087 esse
864 5041 964 5085 censet
985 5050 1051 5087 con·
1095 5028 1217 5104 scripsit,
1238 5027 1381 5103 neglecto,
1405 5030 1548 5086 &arratum
1569 5039 1681 5086 tantum
1703 5038 1852 5087 auctorem
1875 5031 1914 5088 ei·

236 5138 281 5182 tra
302 5124 518 5195 Robinsonurn,
543 5131 592 5208 qui
615 5131 644 5186 in
666 5129 758 5187 altero
781 5127 867 5185 etiam
895 5127 983 5197 libro,
1010 5131 1051 5186 in·
1093 5134 1180 5183 taret:
1212 5148 1238 5185 v.
1263 5126 1334 5185 Mar.
1358 5126 1460 5184 Sancti
1484 5127 1569 5187 'I'ors
1598 5140 1711 5186 secreta
1738 5125 1815 5186 fidel.
1838 5147 1915 5188 crue.

237 5224 344 5301 scripto
366 5226 447 5282 Neo-e
467 5227 531 5287 bibl.
554 5230 766 5303 Forscltuupea
793 5247 819 5305 p.
845 5230 900 5286 461
933 5237 1002 5283 nota
1025 5234 1051 5297 4,
1094 5224 1142 5283 lib.
1164 5225 1213 5283 llI
1235 5236 1316 5302 parte
1339 5225 1413 5283 XlV
1437 5246 1459 5283 e.
1485 5227 1532 5284 Ill
1552 5245 1620 5304 pag.
1643 5230 1710 5286 246.

237 5323 397 5379 sententiae
420 5343 502 5395 suae,
524 5347 611 5406 (quarn
634 5328 704 5386 olim
726 5327 783 5384 iam
804 5324 924 5392 tulerat,
953 5325 1051 5384 111111111-
1159 5329 1226 5394 179)
1249 5334 1280 5379 ut
1301 5325 1408 5381 dictam
1432 5334 1474 5382 est
1495 5323 1599 5398 supro]
1623 5326 1642 5400 ξ
1668 5330 1695 5382 7.

237 5432 286 5480 ret.
332 5418 455 5478 Carolus
487 5443 504 5480 a
533 5424 662 5485 Raumer
690 5425 787 5485 adhuc
815 5424 869 5481 sub
896 5422 991 5481 iudice
1021 5423 1051 5480 li·
1160 5427 1226 5491 180)
1251 5423 1280 5478 in
1306 5424 1405 5498 Tobio]
1431 5425 1453 5482 l.
1482 5430 1503 5481 l.

235 5532 293 5577 tem
322 5539 385 5578 esse
414 5533 520 5581 censet.
566 5524 712 5603 Equidem
732 5524 844 5582 Rittero
871 5522 1053 5592 accesserim,
1159 5526 1226 5591 181)
1256 5523 1356 5597 l'suio]
1379 5522 1435 5580 IX.
1462 5529 1485 5582 l.

236 5621 305 5698 quia
326 5617 487 5677 Burehardi
513 5621 603 5679 verba
632 5627 674 5679 od
699 5643 788 5681 uuam
811 5624 924 5679 leucam
946 5628 1051 5677 contro
1160 5624 1228 5689 182)
1251 5623 1301 5677 uio
1325 5622 1428 5694 rueris]
1453 5621 1488 5679 V.
1510 5620 1604 5679 Ritter
1625 5620 1695 5680 XV.
1718 5626 1786 5680 271.
1809 5624 1886 5681 3³5.
