4214 6096
1011 356 1050 417 63

194 534 284 599 fleuit
316 533 522 599 amarissime
551 553 649 618 super
669 531 769 596 illam.
812 530 1032 595 Procedamus
1054 553 1148 616 ergo,
1181 543 1213 594 et
1233 531 1317 594 inter
1337 528 1442 594 locum
1465 530 1621 594 orationis
1643 530 1713 593 eius
1735 530 1768 592 in
1791 551 1867 615 ago-

193 651 247 714 nia
270 660 302 713 et
320 648 425 713 locum
447 649 646 734 captiuitatis
668 650 737 711 eius
759 649 793 712 in
815 645 1025 711 Gethsemani
1053 659 1254 712 transeamus
1282 654 1457 711 torrentem
1479 644 1609 711 Cedron
1631 656 1664 708 et
1683 666 1868 730 sequamur,

192 767 220 831 si
246 763 535 850 quomodocunque
562 763 756 829 concedatur
788 761 881 827 nobis
918 761 1028 825 uenire
1060 764 1095 827 in
1122 760 1304 847 Golgatha,
1344 760 1400 826 ubi
1429 768 1587 826 steterunt
1624 760 1683 825 fixi
1709 761 1745 824 in
1773 782 1868 825 cruce

192 880 326 947 fluentes
350 882 507 966 sanguine
527 879 626 966 pedes
649 881 733 959 cius,
760 879 936 945 moriamur
962 876 1007 941 ibi
1031 902 1102 945 cum
1125 878 1266 960 Christo,
1288 887 1324 942 ut
1345 899 1418 942 cum
1439 877 1488 943 Eo
1503 879 1627 963 pariter
1641 876 1867 962 resurgamus!

894 1060 1162 1127 IERUSALEM.

318 1192 405 1258 VIII.
448 1199 613 1255 Ierusalem
635 1196 751 1279 igitur,
774 1194 889 1258 ciuitas
910 1192 975 1257 Dei
999 1192 1138 1277 Summi,
1164 1193 1205 1258 de
1226 1216 1291 1281 qua
1312 1193 1398 1257 dicta
1421 1204 1494 1256 sunt
1515 1203 1546 1257 et
1566 1192 1715 1257 dicuntur
1738 1190 1869 1257 cottidie
1887 1195 1899 1246 l

193 1310 346 1399 gloriosa,
369 1310 432 1372 sita
455 1311 557 1372 estin
579 1323 666 1374 terra
688 1320 867 1375 montuosa.
902 1309 1030 1373 Montes
1052 1311 1137 1373 enim
1161 1312 1280 1375 suntin
1300 1311 1436 1374 circuitu
1456 1310 1532 1374 eius.
1566 1306 1677 1372 Habet
1691 1307 1868 1385 uero⁸)⁴²⁹)

196 1448 254 1514 per
277 1424 447 1491 circuitum
470 1434 589 1487 terram
609 1425 746 1490 fertilem
769 1437 800 1489 ct
822 1426 950 1508 bonam,
973 1436 1178 1512 preterquam
1198 1438 1310 1490 contra
1325 1426 1480 1489 orientem
1499 1435 1529 1488 et
1542 1424 1722 1488 Iordanem.
1756 1423 1870 1488 Distat

195 1541 236 1607 ab
257 1542 369 1625 Accon
390 1538 539 1603 XXXVI
560 1537 710 1624 leucisb),
734 1565 795 1629 que
817 1555 866 1605 cst
889 1557 1001 1606 contra
1024 1540 1222 1626 aquilonem,
1246 1564 1266 1605 a
1288 1540 1424 1606 Sebaste
1447 1542 1514 1605 siue
1537 1539 1686 1605 Samaria
1707 1539 1805 1620 XVI,
1828 1538 1869 1603 de

193 1657 323 1723 Sichern
344 1655 441 1737 XIII,
472 1654 512 1719 de
532 1655 727 1733 Nazaretht)
750 1656 923 1721 XXXVII.
966 1656 1049 1735 Her)
1077 1679 1188 1721 ornnes
1215 1666 1289 1723 sunt
1317 1668 1429 1721 contra
1461 1656 1651 1741 aquilonem.
1692 1655 1745 1721 De
1766 1656 1869 1741 Ioppe

192 1772 281 1839 XIII.
324 1771 395 1836 Hec
423 1779 472 1835 est
501 1771 568 1835 fere
596 1771 821 1853 occidentalis,
850 1794 986 1859 paruum
1008 1786 1116 1838 tamen
1139 1772 1340 1860 aquilonalis.
1382 1771 1435 1836 Dc
1457 1771 1583 1838 Iericho
1604 1771 1676 1836 VII.
1726 1772 1798 1835 Hec
1821 1780 1870 1837 est

194 1886 370 1955 orientalis.
411 1887 464 1952 De
485 1886 670 1951 Bethlehem
690 1888 731 1969 11,
755 1886 794 1952 dc
810 1887 919 1952 chua
942 1889 1030 1970 VIII,
1055 1888 1095 1953 dc
1115 1888 1228 1955 Ebron
1248 1889 1336 1954 VIII.
1379 1889 1461 1967 Hes)
1484 1898 1558 1952 sunt
1580 1899 1693 1952 contra
1714 1900 1868 1953 austrum.

316 2005 375 2067 Est
400 2014 506 2067 autem
538 2003 571 2066 in
600 2002 750 2081 decliuif)
779 2005 895 2068 montis
925 2006 987 2068 sita
1017 2004 1206 2091 dupliciter,
1235 2020 1266 2070 et
1295 2005 1336 2070 ab
1363 2013 1474 2069 austro
1496 2003 1647 2069 uidelicet
1668 2015 1699 2068 et
1721 2004 1762 2069 ab
1784 2007 1868 2070 occi·

193 2119 307 2199 dente3
331 2118 373 2182 ab
395 2130 506 2183 austro
530 2120 591 2183 sita
613 2120 646 2181 in
668 2118 770 2183 latere
792 2121 910 2184 montis
933 2118 1020 2195 Sion,
1042 2122 1138 2185 immo
1161 2123 1279 2208 partim
1302 2123 1336 2186 in
1356 2123 1428 2207 ipso
1449 2132 1573 2202 monte,
1601 2123 1722 2207 partim
1743 2123 1776 2186 in
1799 2123 1868 2187 eius
1918 2134 1924 2143 “

193 2235 362 2301 descensu.
393 2232 573 2298 Descendit
595 2247 703 2298 autem
724 2234 889 2320 longitudo
912 2238 981 2300 oius
1004 2236 1045 2301 ab
1067 2239 1139 2323 ipso
1161 2250 1267 2302 monte
1280 2237 1368 2313 Sion,
1388 2259 1421 2302 se
1443 2237 1621 2302 extendens
1643 2248 1756 2302 contra
1779 2240 1868 2325 aqui·

195 2352 311 2418 Ionem.
353 2349 406 2414 Ab
429 2349 594 2415 occidente
615 2373 692 2414 uero
713 2349 811 2415 habet
832 2362 971 2416 montem
991 2353 1149 2435 Gi0n430),
1172 2366 1203 2417 et
1223 2353 1384 2441 dependet
1404 2352 1446 2418 ab
1467 2355 1539 2440 ipso
1559 2354 1628 2417 cius
1641 2352 1778 2419 latitudo
1795 2375 1868 2418 con·

193 2479 244 2534 tra
267 2468 423 2533 orientem
445 2489 546 2552 usque
568 2465 611 2531 ad
630 2477 807 2530 torrentem
828 2465 957 2533 Cedron
979 2469 1047 2532 siue
1068 2468 1185 2534 uallem
1208 2469 1373 2557 Iosophat,
1396 2468 1482 2554 quod
1503 2468 1589 2533 idom
1611 2481 1667 2536 est.

317 2583 379 2647 Est
399 2583 513 2646 ciuitas
521 2589 547 2659 ⁸)
568 2581 650 2645 bene
672 2604 801 2667 magna,
823 2595 858 2646 ut
878 2584 962 2647 infra
983 2583 1116 2649 dicetur.
1159 2583 1203 2648 Et
1225 2608 1288 2650 non
1311 2597 1376 2667 est,
1399 2596 1434 2650 ut
1457 2586 1589 2673 quidam
1610 2585 1813 2668 fabulantur,
1836 2587 1870 2651 in

196 2700 259 2766 ello
279 2698 350 2764 loco
374 2699 452 2780 sita,
482 2703 614 2784 quaml)
640 2698 700 2761 fuit
729 2712 874 2784 tempore
895 2699 1063 2765 Passionis
1084 2700 1273 2784 Dominice,
1308 2712 1569 2786 argumentantes
1598 2726 1657 2790 pro
1688 2714 1782 2790 parte
1803 2702 1869 2783 illa,

195 2814 295 2903 quod,
326 2836 399 2878 curn
420 2813 581 2878 Dominus
608 2814 704 2878 fuerit
732 2827 826 2879 extra
847 2828 973 2901 portant
994 2839 1110 2902 passus
1133 2830 1164 2881 et
1185 2840 1270 2882 nunc
1290 2818 1360 2904 ipsc
1382 2817 1471 2882 locus
1494 2820 1536 2882 sit
1556 2820 1642 2883 intra
1661 2820 1769 2883 menia
1791 2819 1869 2882 ciui·

194 2934 286 3014 tatis,
312 2928 385 2994 ideo
406 2931 501 2992 sitin
523 2928 588 2993 alio
610 2928 681 2995 loco
705 2933 774 2995 sita.
818 2930 875 2994 Isti
896 2933 1058 3014 nesciunt,
1081 2932 1160 3019 quid
1181 2932 1396 3021 loquunturff),
1427 2944 1459 2997 et
1480 2932 1591 2998 uolunt
1614 2956 1653 2999 ea
1676 2936 1774 3016 scire,
1807 2957 1870 3020 que

193 3069 257 3111 non
287 3046 446 3111 uiderunt.
491 3046 579 3109 Situs
607 3048 692 3111 enim
718 3046 812 3111 huius
842 3047 982 3110 ciuitatis
1006 3060 1054 3112 est
1076 3059 1107 3113 et
1129 3071 1256 3135 semper
1278 3050 1352 3132 fuit,
1382 3047 1468 3137 quod
1489 3062 1639 3114 manente
1659 3049 1780 3136 templo
1801 3049 1869 3114 Do·

195 3164 271 3227 mini
292 3164 380 3226 intra
399 3183 509 3226 muros
530 3162 672 3226 ciuitatis
696 3161 826 3225 stultum
851 3162 973 3244 fuisset,
995 3164 1092 3228 immo
1116 3167 1245 3230 omnino
1268 3164 1469 3251 impossibile
1491 3188 1562 3230 earn
1586 3165 1628 3230 ad
1649 3166 1756 3232 locum
1770 3165 1870 3231 alium

193 3279 368 3344 transferre
389 3287 522 3364 propter
544 3275 689 3341 locorum
710 3279 919 3342 munitionem
941 3302 981 3343 cx
1012 3282 1099 3344 omni
1126 3293 1236 3367 parte,
1266 3284 1375 3358 cumi)
1406 3281 1543 3347 similem
1573 3284 1783 3349 munitionem
1805 3305 1871 3348 non

201 3407 311 3483 posset
331 3394 451 3460 habere
474 3392 552 3458 alibi
577 3393 812 3480 quoquomodo.
844 3393 905 3458 Est
927 3405 1034 3460 tamen
1058 3397 1091 3460 in
1112 3399 1160 3461 rei
1182 3399 1317 3462 ueritate
1337 3399 1370 3462 in
1391 3397 1559 3463 latitudine
1574 3399 1739 3486 ampliata,
1760 3413 1792 3462 et
1805 3420 1871 3462 non

194 3514 225 3576 in
246 3509 464 3598 longitudine,
493 3514 550 3587 et1)
574 3521 682 3573 manet
703 3520 771 3574 tota
794 3511 907 3574 ciuitas
928 3513 1063 3597 antiqua
1086 3534 1158 3575 cum
1179 3529 1287 3578 monte
1310 3514 1389 3578 Sion
1408 3515 1495 3579 intra
1515 3536 1625 3579 muros
1634 3520 1667 3591 ¹¹¹)
1690 3525 1721 3577 et
1742 3513 1869 3578 inhabi-

194 3639 289 3709 tatur,
313 3627 371 3692 scd
393 3648 478 3691 nunc
498 3624 560 3689 hoe
583 3641 728 3711 tempore
750 3627 846 3711 pauci
870 3638 943 3689 sunt
965 3625 1140 3693 admodum
1161 3627 1361 3695 habitatores
1390 3653 1450 3716 pro
1473 3640 1561 3693 tante
1589 3630 1769 3716 capacitate
1792 3631 1869 3694 ciui·

195 3747 279 3827 tatis,
305 3746 382 3831 quia
401 3741 600 3807 habitatores
623 3744 691 3804 eius
715 3752 788 3804 sunt
809 3742 902 3827 quasi
924 3743 1075 3807 continue
1098 3745 1131 3807 in
1153 3746 1348 3822 timore⁴³¹).
1391 3746 1649 3833 Dispositionem
1671 3758 1779 3810 tamen
1801 3746 1869 3809 eius

195 3862 403 3947 antiquans),
424 3869 579 3945 quantum
602 3858 701 3942 potui,
724 3856 890 3941 indagaui.

258 3994 285 4063 a)
302 3992 374 4045 caim
391 3988 432 4044 St.
449 3996 537 4043 autem
553 3987 579 4041 h.
600 4018 632 4025 -
651 3986 680 4056 b)
697 3987 732 4040 ab
751 3992 841 4041 Areon·
859 3990 993 4043 XXXVI
1006 3990 1091 4045 aucis
1109 3990 1135 4044 h.
1152 3997 1180 4045 et
1197 3992 1276 4045 codd.
1295 3999 1364 4046 vrat.
1381 4023 1415 4032 -
1441 3994 1467 4062 c)
1484 3995 1567 4047 dom
1585 3994 1679 4047 :arelat
1697 3991 1738 4047 st.
1757 3994 1792 4047 de
1808 3993 1869 4046 Na·

325 4074 418 4127 zareth
434 4071 461 4125 h.
480 4102 513 4112 -
530 4071 558 4137 d)
576 4071 623 4124 loc
641 4068 673 4123 St
685 4068 710 4123 h.
733 4101 759 4109 -
779 4080 804 4139 e)
822 4071 869 4125 lec
889 4074 921 4128 St
931 4071 958 4128 h.
978 4105 1009 4114 -
1034 4074 1060 4142 f)
1079 4075 1187 4128 declino
1207 4073 1247 4129 St.
1267 4076 1370 4129 declini
1386 4074 1412 4129 h.
1438 4107 1470 4116 —
1495 4084 1524 4147 g)
1542 4080 1578 4129 Et
1594 4076 1694 4130 ciuitas
1713 4075 1751 4130 St.
1779 4079 1815 4129 Et
1832 4084 1871 4131 eat

324 4157 424 4211 civitas
442 4156 467 4211 h.
502 4156 541 4207 Et
557 4153 586 4206 in
603 4162 643 4208 est
660 4171 674 4208 e
694 4153 855 4209 coniectura
873 4158 1049 4211 mutavimus.
1063 4189 1095 4198 -
1114 4158 1143 4226 h)
1162 4157 1256 4213 Verba
1273 4178 1352 4225 pur-m
1369 4161 1428 4225 fait
1447 4169 1566 4231 tempore
1579 4191 1608 4199 —
1630 4162 1691 4214 idco
1709 4162 1746 4214 sit
1763 4161 1793 4213 iu
1810 4160 1870 4214 alio

325 4241 386 4295 loco
403 4242 459 4320 sita
476 4256 529 4294 om.
548 4237 588 4293 St.
604 4269 637 4279 —
654 4238 672 4302 i)
692 4238 817 4292 locamur
835 4240 875 4293 St.
895 4270 926 4279 -
945 4240 976 4310 k)
993 4260 1052 4295 cam
1074 4259 1126 4297 om.
1145 4241 1185 4297 St.
1203 4272 1237 4282 —
1254 4243 1275 4314 l)
1291 4245 1341 4297 sed
1360 4243 1399 4298 St.
1424 4248 1460 4297 Et
1476 4261 1491 4298 e
1508 4244 1669 4299 coniectura
1688 4244 1760 4299 dedi.
1779 4274 1811 4285 -
1830 4246 1870 4309 m)

324 4342 415 4378 tauros
432 4326 444 4378 ι’
460 4324 600 4377 ltabitotur
619 4320 658 4375 St.
678 4329 702 4374 et
721 4322 862 4376 lurbitotur
880 4322 906 4378 h.
927 4354 958 4363 -
977 4328 1006 4393 n)
1027 4333 1089 4380 onte
1109 4345 1190 4394 queem
1206 4329 1288 4396 potui
1304 4329 1440 4398 irulopoui
1457 4327 1498 4384 st.

192 4465 268 4505 nnnc
289 4458 342 4519 est,
365 4447 533 4506 monialium
554 4444 612 4506 vid.
633 4444 786 4503 Robinson
809 4445 927 4505 PallI.
942 4451 1010 4517 310,
1053 4469 1082 4527 p.
1105 4452 1139 4508 12
1163 4469 1206 4528 sq.
1235 4460 1264 4508 et
1285 4448 1317 4510 C.
1342 4448 1390 4510 W.
1410 4449 1451 4510 M.
1479 4471 1536 4509 vau
1564 4449 1601 4510 de
1621 4449 1716 4511 Velde
1738 4450 1812 4508 Plan
1840 4449 1875 4509 ot

192 4546 239 4625 qui
260 4545 462 4605 Burchardum
483 4544 596 4604 disertis
618 4543 715 4603 verbis
738 4544 814 4603 citat.
1052 4547 1102 4607 the
1124 4560 1202 4606 town
1225 4547 1283 4607 and
1305 4551 1442 4608 environs
1463 4549 1497 4608 of
1507 4551 1668 4609 Ierusalem
1686 4546 1870 4608 constructed

252 4649 324 4719 429)
341 4646 441 4704 Habet
469 4645 548 4720 uero]
579 4642 764 4703 Vocabulum
795 4662 865 4701 uero
896 4662 913 4703 e
942 4663 1010 4702 con·
1053 4647 1127 4705 from
1149 4646 1199 4707 the
1233 4647 1359 4725 English
1383 4647 1681 4727 Ordnance·Surrey
1712 4646 1771 4707 and
1793 4667 1870 4706 mea·

192 4746 301 4805 iectura
325 4743 468 4804 dedimus.
1053 4756 1215 4806 surements
1237 4747 1272 4807 of
1289 4748 1341 4809 Dr.
1365 4748 1402 4808 T.
1426 4748 1547 4809 Tobler.
1583 4746 1664 4806 With
1685 4746 1809 4807 Memoir
1830 4745 1871 4825 by

253 4847 324 4918 430)
350 4843 437 4919 Gioa]
464 4843 581 4901 Nomen
603 4840 682 4902 Gion
708 4840 788 4921 apud
809 4838 1009 4899 Burchardum
1052 4844 1104 4905 Dr.
1129 4845 1216 4905 Titus
1239 4846 1360 4907 Tohler.
1386 4851 1463 4909 1858
1485 4846 1592 4907 Gotha.
1631 4846 1698 4921 Qua
1718 4847 1748 4903 in
1769 4844 1872 4904 tabula

192 4944 315 5023 primurn
343 4943 467 5003 inveniri
493 4951 593 5001 censet
621 4940 774 5000 Robinson
801 4937 866 4999 Pal.
893 4940 936 4998 ΙΙ.
959 4942 1009 4999 25.
1051 4944 1135 5003 Iebel
1156 4945 1229 5004 Deir
1249 4944 1319 5004 Abu
1344 4946 1415 5017 Tor,
1438 4948 1487 5026 qui
1510 4958 1555 5005 est
1577 4965 1660 5004 mons
1682 4943 1789 5016 Gihon,
1811 4963 1870 5004 me·

190 5041 283 5102 Menti
305 5040 385 5102 Gion
407 5062 429 5102 s.
451 5039 550 5101 Gihon
580 5039 669 5097 alium
698 5059 734 5098 ac
753 5036 942 5097 Burchardus
968 5038 1009 5096 lo·
1049 5042 1152 5102 ridiem
1176 5064 1277 5104 versus
1300 5056 1422 5124 spectat.

192 5162 256 5201 cum
281 5143 414 5219 assignat
442 5137 590 5198 'I'oblerus
623 5138 653 5196 in
685 5137 787 5196 tabula
815 5156 914 5214 geogr.
943 5136 1010 5195 libri
1115 5146 1187 5217 431)
1209 5144 1345 5202 continue
1376 5145 1407 5202 in
1428 5143 1539 5218 timore]
1569 5143 1637 5203 Hoc
1664 5143 1725 5205 lere
1753 5146 1816 5204 loco
1840 5147 1869 5206 in

191 5240 321 5321 inscripti
335 5240 393 5298 Die
408 5236 616 5317 Siloahquclle.
659 5234 845 5295 Burchardus
867 5238 944 5295 enim
963 5257 1011 5295 oc·
1053 5242 1164 5321 priore,
1195 5262 1283 5321 quarn
1309 5241 1497 5301 Burchardus
1523 5244 1587 5322 ipse
1615 5244 1743 5316 curavit,
1771 5264 1871 5304 recen·

192 5338 353 5417 uidentem,
374 5338 522 5399 Toblerus
542 5334 693 5395 meridiem
714 5353 815 5393 versus
832 5338 915 5415 ponit
935 5356 1010 5395 eum.
1053 5343 1136 5401 sione
1165 5341 1202 5400 ad
1230 5340 1318 5399 fidem
1347 5339 1479 5400 codicum
1510 5342 1776 5402 vratislavicnaium
1797 5342 1871 5403 haec

192 5436 251 5499 Sed
288 5437 392 5498 videas
423 5436 460 5497 de
496 5436 553 5495 hoc
586 5431 748 5493 Burchardi
780 5432 845 5491 loeo
888 5434 1011 5494 'Posteri
1052 5439 1213 5500 adduntur:
1236 5438 1428 5519 „Vbicunque
1452 5442 1531 5500 enirn
1547 5440 1602 5500 sibi
1617 5442 1768 5521 placuerit,
1787 5442 1870 5522 quili-

192 5538 264 5598 zwei
295 5536 411 5597 Bdcher
435 5534 646 5616 'I'opographie
674 5552 733 5591 von
755 5527 922 5593 Jerusalem
951 5532 1010 5592 und
1052 5539 1103 5599 het
1130 5540 1211 5617 eligit
1238 5539 1434 5607 mansionem,
1464 5559 1499 5598 eo
1532 5539 1611 5619 quod
1639 5541 1736 5620 plures
1765 5540 1870 5600 domus

192 5638 290 5696 seinen
323 5634 547 5714 Umgebungen.
592 5633 686 5694 Berol.
718 5635 794 5693 1853
818 5651 859 5710 aq.
888 5630 953 5693 Vol.
977 5633 1009 5691 II
1052 5650 1167 5704 vacant.
1219 5638 1342 5699 Videtur
1369 5652 1466 5699 autem
1496 5639 1567 5698 mihi
1592 5643 1634 5711 (et
1659 5643 1688 5699 in
1717 5640 1774 5700 hoc
1800 5641 1870 5700 mihi
