4214 6096
1039 326 1098 390 187

203 505 277 570 mus
299 505 407 591 ipsam
429 502 599 568 ecclesiam
621 513 653 568 et
674 505 841 591 preciosas
863 504 936 569 illas
957 504 1154 589 margaritas
1177 525 1287 569 coram
1308 508 1476 589 porcis-
1497 489 1705 591 prohdolor!
1729 542 1771 552 —
1791 528 1881 573 man·

202 619 370 686 ducandas
392 629 425 685 et
445 620 554 706 ipsum
573 617 688 684 locum.
730 619 830 687 Pater
845 620 973 703 Sancte,
993 629 1030 684 ut
1051 642 1182 685 seruum
1202 618 1390 700 redimeres,
1412 618 1532 684 Filiam
1554 620 1734 687 tradidisti!
1754 621 1800 687 Et
1823 645 1882 711 per
1899 595 1933 715 ἐξ

201 758 275 802 eam
295 745 424 822 portam
446 733 577 817 Dauid,
605 757 780 823 perquam
801 737 1056 818 intraueramus,
1085 732 1176 802 exire
1208 733 1475 823 permittebamur
1505 734 1637 824 reliquis
1660 739 1781 803 sanctis
1801 737 1881 805 locis

201 853 236 917 in
256 853 389 917 ciuitate
410 848 552 916 nondum
575 853 764 938 perspectis.

325 966 398 1033 VII.
441 966 522 1031 Inde
544 988 647 1053 prope
672 990 782 1033 muros
806 969 959 1048 ciuitatis,
982 969 1038 1054 qui
1059 969 1168 1032 turriti
1190 980 1222 1032 et
1242 968 1319 1032 noui
1341 976 1372 1031 et
1393 966 1563 1031 fortissimi
1578 977 1661 1047 sunt,
1683 968 1910 1036 descendent

201 1089 251 1147 tes
273 1083 485 1147 nansiuimus
508 1091 636 1170 portam
657 1087 735 1146 teari
757 1087 919 1164 Stephani,
945 1093 977 1148 et
997 1083 1140 1149 uidimus
1156 1097 1279 1163 portum
1307 1105 1445 1160 auream,
1477 1104 1539 1169 que
1562 1082 1682 1148 directe
1704 1088 1879 1173 opponitur

200 1199 304 1263 monti
324 1197 443 1264 oliuoti.
485 1199 525 1263 In
547 1199 639 1264 cuius
660 1199 786 1264 foribus
808 1209 857 1265 est
876 1197 1015 1285 quedam
1037 1201 1197 1282 cisterna,
1225 1198 1401 1286 aliquando
1430 1197 1512 1264 adeo
1532 1198 1688 1283 fecunda,
1721 1211 1757 1267 ut
1777 1224 1819 1267 ex
1840 1217 1911 1270 eat

200 1312 333 1400 qnidam
353 1322 482 1380 torrens
504 1338 625 1402 paruus
648 1337 707 1401 per
727 1315 870 1380 medium
893 1314 987 1381 uallis
1006 1314 1162 1402 losaphat
1183 1318 1215 1382 et
1236 1318 1269 1381 in
1293 1313 1377 1401 pede
1400 1313 1512 1380 olineti
1532 1315 1695 1384 decurrat.
1730 1317 1797 1383 Iste
1819 1328 1911 1400 esta

199 1449 294 1517 quem
321 1430 481 1497 Iohannes
509 1431 781 1518 euangelista²²⁸)
806 1442 982 1497 torrentem
1013 1433 1131 1495 Gauron
1162 1429 1316 1519 appellat.
1367 1430 1465 1495 quta
1495 1454 1587 1516 quem
1617 1431 1713 1498 hodie
1740 1434 1803 1499 sita
1830 1445 1911 1513 esta

200 1544 340 1633 quedam
370 1547 508 1612 ecclesia
534 1549 568 1611 in
596 1570 633 1613 eo
662 1546 734 1614 loco
763 1548 928 1629 edificata,
955 1548 989 1611 in
1017 1569 1080 1634 quo
1101 1558 1248 1635 tempore
1270 1547 1432 1633 passionis
1452 1545 1586 1612 Domini
1613 1558 1684 1612 erat
1705 1559 1812 1632 ortus,
1844 1552 1879 1615 in

199 1682 296 1748 quem
316 1662 477 1728 Dominus
506 1686 578 1728 cum
606 1662 777 1750 discipulis
805 1665 874 1730 suis
901 1664 1085 1749 frequenter
1113 1663 1279 1746 conuenit,
1309 1663 1343 1726 in
1371 1683 1433 1748 quo
1463 1664 1566 1728 eciam
1595 1664 1670 1750 ipse
1690 1663 1878 1732 oscuduma
1922 1645 1926 1669 ⁵

198 1775 281 1842 Iuda
301 1778 460 1845 traditore
481 1780 617 1867 accepit.
659 1780 712 1845 De
734 1779 850 1867 quibus
873 1779 1021 1845 omnibns
1042 1787 1179 1844 testatur
1199 1778 1440 1860 Iohanneslll),
1461 1777 1519 1842 ubi
1542 1778 1639 1843 dicit:
1663 1785 1812 1860 Epreuaur
1835 1793 1912 1846 esto

201 1898 287 1957 Iecur
310 1907 399 1958 muna
421 1908 580 1958 torrentem
605 1898 733 1978 Oedron,
756 1900 805 1959 ubi
825 1911 892 1959 erat
914 1907 1010 1972 ortua,
1038 1898 1070 1957 in
1091 1918 1176 1976 quem
1198 1899 1334 1957 introiuit
1354 1899 1419 1975 ipse
1441 1905 1468 1956 et
1488 1898 1628 1975 discipuli
1647 1903 1716 1961 eius.
1760 1901 1912 1961 Sciebutti

200 2025 298 2074 autem
318 2024 346 2074 et
366 2017 462 2075 Iudas
482 2018 559 2075 dunc
581 2017 688 2088 locum,
718 2020 788 2093 quia
802 2021 983 2093 frequenter
1002 2017 1088 2074 Iesus
1109 2024 1289 2073 conuenerat
1310 2015 1392 2074 illuc.
1433 2009 1479 2074 Et
1496 2021 1633 2076 uocatur
1655 2013 1719 2077 ista
1741 2012 1911 2079 ecclesia7

200 2148 222 2191 a
242 2126 364 2214 populo
386 2131 528 2191 Sanctum
549 2133 644 2190 Pater
665 2128 861 2209 Noster²³⁰),
891 2138 923 2193 ct
944 2127 1055 2193 dicunt
1075 2127 1253 2194 Dominum
1275 2129 1309 2192 in
1328 2148 1368 2192 eo
1396 2125 1467 2192 loco
1489 2125 1579 2192 illam
1600 2130 1780 2194 orationem
1801 2152 1878 2196 suos

201 2241 377 2330 discipulos
399 2246 504 2330 primo
526 2243 684 2309 docuisse.

323 2359 410 2425 VIII
451 2359 542 2425 Scire
564 2370 671 2425 autem
693 2359 834 2443 debetis,
866 2360 943 2445 quia
966 2365 1054 2422 uultis
1076 2364 1221 2440 Iosophat
1242 2360 1356 2446 incipit
1383 2363 1467 2425 inter
1486 2381 1596 2425 muros
1616 2359 1823 2427 Hierusalem
1845 2373 1907 2429 etl

200 2485 341 2540 montem
369 2474 491 2541 oliueti.
533 2476 605 2557 Qus
634 2478 666 2540 in
690 2477 852 2563 principio
875 2477 926 2541 sui
948 2488 1021 2541 arta
1042 2486 1075 2541 et
1096 2475 1316 2558 strictissima,
1347 2476 1381 2540 in
1402 2476 1466 2541 fine
1488 2498 1580 2560 uero,
1615 2478 1668 2564 qui
1691 2477 1910 2546 extenditurt

199 2591 268 2657 iere
288 2591 332 2657 ad
353 2591 480 2657 miliare
500 2592 732 2679 gallicanum2)
761 2594 796 2656 in
817 2594 972 2658 terminos
992 2591 1177 2674 Bethleem,
1206 2592 1280 2677 ipsa
1307 2603 1357 2656 est
1384 2591 1553 2657 latissima.
1595 2592 1634 2656 ln
1656 2593 1748 2658 cuius
1771 2598 1911 2682 capitet

200 2708 342 2774 uidimus
374 2709 544 2774 ecclesiam
574 2712 694 2797 optime
724 2710 941 2787 ornatam²³¹l
969 2710 1058 2774 etin
1083 2707 1191 2773 medio
1224 2707 1273 2772 sui
1304 2720 1543 2772 monumentum
1571 2708 1713 2796 undique
1740 2707 1815 2774 albo
1847 2720 1878 2776 et

198 2824 349 2890 nimirum
371 2827 519 2910 uirgineo
540 2846 702 2890 marmore
724 2836 921 2906 contectum,
950 2827 984 2888 in
1013 2824 1100 2912 quod
1129 2821 1304 2911 aliquando
1327 2823 1466 2911 apostoli
1488 2823 1731 2890 immaculatum
1757 2848 1877 2915 corpus

197 2941 292 3007 beate
312 2942 450 3026 uirginis
472 2940 701 3028 deposuerant,
723 2941 752 3005 si
760 2944 786 3017 b)
808 2939 899 3024 illud,
920 2939 1007 3025 quod

741 3068 880 3140 „repente
896 3059 931 3119 fit
950 3059 1092 3140 templum
1112 3059 1220 3135 Dera)
1231 3055 1300 3138 ²³²),

197 3173 253 3240 illa
273 3175 307 3238 in
329 3182 424 3261 parte
444 3172 558 3260 templi
580 3183 709 3258 poterat
732 3173 898 3238 contineri.
940 3172 979 3237 In
1005 3194 1068 3258 quo
1094 3172 1159 3259 ipsi
1191 3170 1397 3259 postmodum
1430 3193 1549 3236 manna
1572 3173 1689 3240 celeste
1709 3175 1783 3242 loco
1804 3180 1910 3243 cor-⁴

199 3291 289 3377 poris
314 3291 517 3354 inuenerunt.
561 3288 658 3370 Quod
687 3310 774 3354 nunc
801 3290 956 3375 temporis
986 3289 1109 3353 suriani
1138 3287 1323 3352 sacerdotes
1346 3286 1537 3354 Sarracenis
1558 3288 1724 3357 tributarii
1745 3294 1780 3357 in
1800 3295 1907 3359 oon-⁵

198 3404 298 3492 digna
318 3406 530 3471 ueneratione
551 3404 735 3471 obseruant.
778 3405 808 3472 Ο
832 3407 917 3469 mira
937 3405 1027 3469 circa
1047 3426 1117 3488 nos,
1140 3403 1259 3469 Sancte
1280 3403 1389 3486 Pater,
1412 3403 1482 3469 'l'ue
1504 3405 1633 3492 pietatis
1656 3406 1817 3493 dignatio,
1839 3410 1908 3474 utii

196 3543 260 3587 imo
288 3519 465 3608 eodemque
498 3523 551 3588 die
580 3521 764 3610 sepulcrum
794 3531 907 3588 sancte
933 3523 1047 3586 matris
1074 3531 1105 3586 at
1133 3521 1183 3584 sui
1211 3518 1304 3602 Filii,
1342 3519 1405 3584 Tui
1433 3519 1545 3586 Sancti
1574 3518 1676 3587 Uerbi
1702 3523 1881 3608 incarnati,

196 3637 309 3703 uidere
332 3640 545 3703 mereremur!
569 3673 609 3686 —·
630 3640 729 3705 quta
750 3641 891 3728 parietes
913 3638 1018 3726 ipsius
1041 3635 1177 3702 ecclesie
1195 3636 1280 3701 iacet
1299 3659 1374 3716 oper
1386 3636 1564 3720 fimum),
1586 3659 1681 3724 quem
1703 3638 1795 3705 ludei
1816 3642 1874 3707 tri·
1892 3668 1907 3718 7

196 3756 288 3841 ginta
314 3755 478 3840 argenteis
505 3775 526 3817 a
546 3754 629 3819 Iuda
656 3757 786 3821 reiectis
814 3757 847 3820 in
881 3753 1080 3840 sepulturam
1109 3753 1356 3841 peregrinorum
1386 3764 1669 3838 comparauerant.
1712 3752 1908 3835 Quaene

196 3893 261 3936 non
283 3873 326 3936 sit
345 3870 471 3956 longus,
493 3870 698 3959 protenditur
719 3881 828 3937 tamen
850 3894 870 3937 a
891 3872 993 3936 muris
1013 3868 1222 3934 Hierusalem
1244 3889 1346 3953 usque
1367 3866 1410 3932 ad
1425 3877 1566 3934 montem
1582 3868 1701 3935 oliueti.
1739 3871 1795 3937 Ex
1810 3893 1908 3960 quoa

196 3985 417 4070 consideretis,
439 3989 515 4073 quia
535 3984 590 4052 ille
611 4010 703 4054 mons
724 3988 847 4053 directe
868 3997 918 4052 est
939 3989 1019 4052 situs
1036 4007 1145 4072 super.
1178 3984 1231 4049 De
1243 3984 1397 4070 bonagro
1414 3983 1495 4048 dicit
1511 3984 1627 4050 beatus
1640 3984 1874 4068 Mattheus²³⁴)
1896 4014 1924 4065 ιο

194 4104 229 4167 in
250 4102 336 4169 hunc
356 4103 504 4169 modum:
535 4107 664 4167 Concilio
692 4118 789 4167 nutem
817 4111 890 4166 inito
918 4113 1050 4165 anerunt
1071 4125 1109 4164 ea
1128 4105 1189 4164 illia
1210 4123 1316 4180 aprum
1328 4104 1419 4183 fipuli
1446 4104 1479 4161 in
1497 4107 1679 4180 sepulturam
1697 4112 1872 4186 pereprino·

195 4239 270 4282 rum.
312 4224 445 4300 Propter
464 4225 518 4283 hoe
538 4234 661 4284 uocatus
682 4233 726 4283 eat
747 4245 820 4302 uper
841 4224 891 4283 ille
910 4224 1119 4294 Haceldama,
1151 4222 1267 4280 doceat
1294 4240 1368 4296 oper
1389 4221 1561 4297 sanquinia,
1592 4226 1919 4300 aspenabantur-11

195 4357 263 4397 num
290 4341 374 4401 diem.
414 4337 454 4400 In
484 4358 547 4421 quo
574 4359 660 4402 nuno
689 4339 846 4424 temporis
869 4334 1067 4416 Christiani,
1098 4333 1354 4399 Sarracenornm
1385 4334 1524 4419 captiui,
1552 4334 1761 4423 sepeliuntur.
1803 4335 1872 4402 Nec
1890 4325 1922 4444 ἓξ

196 4452 324 4533 mirum,
347 4454 373 4517 si
396 4451 528 4518 domina
547 4463 677 4536 nostra,
700 4453 885 4541 exemplum
907 4453 1004 4517 totius
1028 4449 1235 4531 humilitatis,
1262 4452 1295 4514 in
1316 4450 1462 4514 terminis
1483 4447 1572 4515 illius
1594 4451 1667 4536 agri
1688 4451 1793 4516 locum
1814 4473 1871 4517 sue

262 4601 290 4671 a)
306 4600 438 4670 palliam
455 4601 507 4655 Ed.
527 4629 558 4641 —
575 4600 604 4666 b)
622 4602 664 4655 ita
680 4603 708 4656 ei
723 4602 756 4658 B.
776 4634 806 4644 -
825 4604 853 4672 c)
869 4600 987 4656 Versum
1003 4597 1078 4654 hunc
1095 4614 1152 4653 uon
1168 4597 1294 4652 distinxit
1311 4614 1399 4668 neque
1418 4597 1452 4661 B,
1469 4613 1560 4669 noque
1577 4597 1629 4652 lid.

253 4740 709 4818 228)10lunnaeuanpeltaa]
731 4739 852 4813 XVIII,
878 4746 901 4801 l.
1056 4741 1112 4800 142
1135 4736 1192 4796 No.
1213 4734 1321 4796 cxlx
1343 4746 1392 4798 atr.
1414 4734 1473 4795 IV:

254 4908 326 4980 229)
350 4913 478 4964 testatur
497 4906 656 4984 Iohannes]
678 4906 798 4981 XVHI,
824 4914 850 4968 1.
1221 4845 1608 5002 gzfflmngaeesceioffl,

1220 5016 1336 5081 intacta,
1353 5013 1475 5070 nesciens
1493 5015 1589 5076 viram,

254 5071 334 5148 230)
349 5068 380 5131 S.
410 5070 505 5130 Pater
535 5071 657 5149 Noster]
689 5070 727 5133 V.
753 5071 868 5136 Tobler
897 5073 945 5136 die
967 5071 1012 5134 si·
1221 5097 1305 5153 ,erbo
1326 5096 1454 5167 compet
1472 5095 1581 5151 lanium,

191 5167 359 5250 loahquelle
379 5187 408 5229 n.
430 5167 484 5229 der
504 5167 637 5266 Oalberg
655 5192 684 5252 p.
707 5174 879 5236 tet-242.

1059 5203 1150 5264 Hunc
1185 5223 1302 5264 versum
1344 5224 1380 5264 ex
1417 5220 1507 5283 prose
1542 5200 1651 5263 codicis
1679 5211 1710 5264 et
1736 5203 1873 5267 editionis

252 5337 324 5404 2³1)
347 5333 496 5412 ornatam]
518 5332 556 5398 V.
575 5332 691 5397 Tobler
712 5334 845 5418 Sssoehq.
866 5358 895 5418 p.
912 5341 1011 5400 143-
1051 5305 1183 5363 ⁰¹⁸⁸i⁰¹¹⁰
1205 5303 1341 5364 mimm-
1847 5404 1854 5418 ·

193 5438 259 5497 191¹
1115 5404 1187 5475 233)
1215 5421 1288 5478 aper
1311 5400 1410 5481 fipule]
1444 5396 1481 5459 V.
1514 5397 1629 5461 Tobler
1660 5399 1874 5484 Topogruphre

1053 5520 1113 5562 von
1132 5499 1302 5561 Jemsalem
1323 5499 1365 5560 Il.
1387 5500 1446 5561 267
1467 5518 1531 5580 sqq.

251 5603 323 5676 2³2)
345 5610 466 5678 repente
487 5635 528 5645 -
549 5600 617 5677 Der]
644 5597 712 5660 Vid.
735 5598 870 5661 Danielis
890 5598 966 5661 thes.
987 5601 1011 5663 Ι.
1116 5601 1187 5670 234)
1208 5598 1358 5675 Matiene]
1382 5598 1518 5674 XXVII,
1543 5606 1569 5659 7.
1593 5603 1619 5661 8.

1609 5714 1661 5767 24⁸
