4214 6096
1073 358 1130 420 116

215 551 247 601 38
263 537 418 602 fundatur
438 538 470 600 in
491 546 579 599 terra
592 536 643 617 ⁸⁹),
666 535 723 599 sed
744 559 946 624 quocumque
967 537 1062 602 modo
1084 548 1190 623 potest
1213 559 1285 600 eum
1307 536 1464 600 suffocare
1484 546 1645 621 procurat
1681 534 1810 599 Mortuo
1833 536 1938 599 eciam

263 651 383 737 Magno
407 652 499 717 Chen
522 651 620 731 alius,
650 653 705 735 qui
728 654 831 737 surgit
854 652 923 716 loco
946 653 1065 738 ipsius,
1092 654 1160 716 siue
1184 654 1226 715 sit
1248 652 1332 715 filius
1355 654 1441 732 eius,
1472 652 1541 715 siue
1563 650 1661 732 alius,
1683 651 1804 735 accipit
1825 672 1938 715 omues

264 790 383 832 uxores
414 769 501 848 eius,
532 778 563 830 et
592 768 672 831 liunt
701 772 768 831 eius
791 791 910 833 vxores
933 779 964 831 et
985 767 1152 851 mulieres3
1187 791 1295 852 ymmo
1317 790 1382 831 nou
1405 777 1574 850 reputatur
1597 766 1704 847 Chen,
1732 767 1796 829 nisi
1816 764 1939 829 habeat

264 905 383 947 vxores
406 882 538 946 alterius
560 883 662 963 Chen,
686 898 715 947 et
737 885 888 948 mulieres
910 886 1027 947 sistunt
1048 896 1079 947 et
1101 885 1294 948 confirmant
1313 883 1469 967 Magnum
1492 880 1592 946 Chen.

214 1009 245 1058 344
387 998 540 1062 Mulieres
564 999 776 1062 Tartarorum
807 1012 880 1063 sunt
911 999 998 1085 apud
1027 1003 1134 1064 cosin
1157 1023 1274 1085 magno
1297 999 1432 1066 honore,
1461 1009 1491 1060 et
1521 1008 1652 1085 portant
1674 1020 1810 1061 coronas
1835 1000 1939 1062 maxi·

263 1138 333 1178 mas
362 1138 459 1199 super
483 1137 592 1177 ornnes
616 1114 697 1177 alias
720 1115 886 1195 mulieres,
920 1129 951 1177 et
977 1115 1038 1178 hoc
1060 1116 1092 1178 144
1115 1117 1301 1179 memoriam
1325 1113 1494 1199 triumphi,
1526 1137 1622 1199 quem
1643 1112 1826 1178 habuerunt
1847 1112 1938 1200 apud

212 1241 245 1290 40
263 1230 424 1316 quendam
447 1253 599 1313 magnum
625 1230 756 1293 fluuium
780 1233 919 1294 orientis.
963 1231 1045 1293 Nam
1067 1254 1137 1295 eum
1161 1232 1294 1293 Tartari
1317 1242 1424 1293 essent
1448 1253 1489 1292 ex
1512 1252 1576 1291 vna
1597 1238 1690 1314 parte
1712 1229 1803 1293 fluuii
1826 1242 1858 1294 et
1880 1231 1937 1294 ad·

263 1348 401 1410 uersarii
424 1370 535 1410 00444444
560 1348 716 1410 forciores
738 1368 778 1408 ex
801 1346 875 1426 alia,
900 1362 929 1408 et
953 1348 1084 1410 Tartari
1105 1370 1170 1409 non
1193 1347 1349 1409 auderent
1369 1346 1410 1409 ad
1433 1369 1488 1409 eos
1511 1347 1667 1420 transire,
1690 1345 1820 1408 Tartari
1844 1345 1938 1409 dimi·

265 1476 373 1526 serunt
395 1462 543 1526 rturlieres
566 1487 675 1526 eorum
697 1465 728 1524 in
753 1485 876 1546 carrrpo,
898 1478 929 1524 et
952 1465 1021 1548 ipse
1043 1464 1167 1528 occulte
1189 1463 1230 1525 de
1251 1473 1346 1525 nocte
1360 1461 1455 1546 longe
1470 1463 1705 1545 equitauerunt
1726 1473 1757 1524 et
1770 1463 1938 1525 venientes

263 1602 304 1641 ex
333 1577 469 1641 aduerso
498 1591 611 1642 eontra
643 1579 767 1655 hostes,
801 1594 831 1640 04
853 1577 1010 1649 dieentes,
1042 1580 1127 1664 044041
1150 1581 1298 1642 venirent
1320 1577 1361 1640 ad
1383 1576 1605 1640 armiliamlum
1630 1576 1796 1656 ‘'Tartaris,
1827 1577 1938 1641 hostes

212 1706 241 1755 41
263 1695 476 1758 Tartaremm
504 1695 630 1763 audito,
662 1694 748 1780 qtred
776 1705 882 1757 tantus
912 1697 1073 1758 exereitus
1107 1694 1257 1758 veniebat
1281 1706 1486 1771 contraeas,
1515 1695 1617 1754 territi
1648 1694 1808 1777 fugerunt.
1851 1693 1938 1757 Nam

262 1810 412 1874 mulieres
428 1810 641 1873 Tartarorum
666 1821 779 1895 parate
803 1825 892 1873 erant
916 1810 958 1872 ad
983 1810 1101 1873 bellum
1124 1811 1217 1896 quasi
1239 1809 1367 1887 milites²
1390 1820 1421 1869 et
1445 1830 1517 1870 cum
1541 1807 1697 1888 viderent,
1719 1808 1804 1893 quod
1828 1808 1938 1873 hostes

212 1942 243 1991 42
263 1938 416 2011 pararent
453 1950 486 1988 se
516 1925 557 1988 4441
585 1928 709 2010 fugam,
744 1949 897 2009 aggresso
931 1942 1000 1989 suin
1025 1951 1078 1989 eos
1100 1937 1131 1989 et
1152 1926 1334 1989 habuerunt
1355 1924 1395 1986 410
1419 1927 1465 1986 eis
1487 1922 1616 2006 plenam
1640 1924 1817 1986 victoriam.
1860 1926 1938 2011 lpse

211 2055 243 2103 43
263 2044 347 2105 enim
371 2042 582 2117 cedebantil')
606 2064 647 2104 ex
668 2065 731 2103 vna
753 2054 862 2126 044440,
897 2055 928 2105 et
958 2045 1065 2105 mariti
1088 2067 1198 2106 earum
1222 2065 1262 2105 ex
1285 2040 1396 2104 altera.
1439 2039 1475 2100 ln
1499 2040 1687 2101 memoriam
1708 2040 1818 2124 itaquo
1839 2041 1937 2105 huius

262 2159 398 2221 victorie
420 2158 551 2220 Tartari
582 2170 809 2220 crinccsserunt
837 2160 882 2220 eis
913 2160 1072 2222 maximas
1103 2181 1239 2222 coronas
1261 2157 1302 2220 ad
1325 2154 1557 2239 longitudinem
1580 2157 1672 2217 vuius
1695 2155 1795 2219 cubiti
1817 2167 1849 2220 et
1870 2179 1938 2221 am·

212 2279 243 2328 4⁴
263 2271 356 2358 plius.
400 2273 532 2336 Tartari
556 2284 672 2352 tanum,
696 2296 735 2335 ne
758 2273 907 2336 mulieres
931 2298 1040 2337 corum
1064 2277 1196 2338 nimium
1220 2272 1440 2357 superbirent,
1469 2269 1653 2351 voluerunt,
1681 2271 1768 2357 quod
1789 2275 1863 2358 ipsa
1883 2296 1937 2339 00·

262 2412 342 2453 rona
364 2388 503 2473 desuper
527 2388 659 2452 liaberet
681 2390 816 2451 1044440444
840 2390 952 2474 pedis,
981 2401 1012 2453 et
1041 2392 1073 2452 in
1094 2412 1213 2454 corona
1235 2411 1354 2471 magna
1384 2387 1544 2471 superiori
1567 2395 1660 2471 parte
1682 2397 1731 2450 est
1751 2387 1936 2474 quidemn)

262 2527 319 2589 pes
343 2526 440 2589 super
462 2527 624 2584 eoronam,
648 2506 739 2590 quasi
763 2517 956 2587 contestans,
979 2506 1065 2593 quoti
1089 2508 1159 2591 ipse
1175 2504 1240 2569 sole
1256 2527 1319 2567 44044
1334 2503 1514 2565 imbuerunt
1529 2503 1706 2583 victoriam,
1730 2502 1787 2566 0041
1802 2516 1937 2591 propter

261 2621 359 2700 viros,
383 2622 435 2705 qui
459 2620 631 2683 veniebant
654 2622 699 2682 eis
722 2620 889 2697 auxilium,
913 2632 944 2683 et
967 2625 1058 2707 (arrisi
1083 2622 1211 2685 ‹licatur
1232 2622 1295 2682 eis:
1324 2620 1438 2699 „Licet
1461 2619 1531 2680 sitis
1552 2628 1718 2699 0040444440,
1744 2620 1854 2683 sciatis
1876 2642 1936 2685 vos

211 2740 243 2789 45
261 2747 368 2799 tamen
391 2759 461 2798 esse
484 2736 542 2797 suli
567 2746 726 2820 pote-state
748 2738 924 2801 rirorurn.“
962 2738 1004 2800 Et
1027 2737 1233 2822 Ι01041440410444
1257 2736 1376 2798 10411010
1399 2734 1538 2797 naturali
1561 2733 1710 2797 videntur
1732 2737 1936 2821 sompniasse

261 2852 347 2936 quod
371 2854 526 2936 seriptum
550 2853 652 2914 estin
675 2852 746 2936 lege
769 2853 948 2930 detinerer
974 2859 1050 2928 „Set
1072 2859 1131 2914 0414·
1147 2865 1295 2931 potes-tote
1323 2856 1410 2914 eris.“

211 2973 243 3021 ⁴6
386 2967 515 3030 'Tartari
540 2968 641 3030 eciam
664 2968 793 3050 quando
817 2970 981 3054 accipiunt
999 2993 1127 3050 vxores,
1151 2984 1259 3032 emunt
1280 2991 1335 3030 eas
1359 2991 1379 3029 a
1398 2968 1463 3029 suis
1479 2965 1668 3051 parentibus
1684 2968 1777 3052 quasi
1791 2966 1935 3033 sclauam

261 3084 433 3170 quandam,
457 3094 488 3146 et
509 3082 638 3168 quaudo
660 3083 791 3146 tradunt
814 3107 884 3147 eam
899 3087 938 3161 ⁷³¹)
960 3086 1002 3149 acl
1024 3090 1174 3171 nupcias,
1198 3096 1349 3168 parentes
1372 3097 1403 3146 et
1425 3085 1656 3166 consanguinei
1675 3084 1756 3164 viri,
1785 3085 1840 3168 qui
1862 3106 1936 3149 eam

261 3200 401 3285 accipit,
432 3199 551 3262 ducunt
580 3221 651 3261 eam
685 3222 754 3262 cum
778 3203 941 3285 tympanis
964 3217 995 3263 et
1016 3216 1132 3281 cantu,
1163 3200 1220 3263 sed
1242 3209 1392 3284 parentes
1415 3209 1445 3261 et
1467 3201 1698 3283 consanguinei
1720 3199 1864 3264 mulieris
1888 3224 1935 3264 se·

212 3336 242 3384 44
262 3326 401 3401 quuntm·
431 3338 501 3398 earn
531 3337 604 3376 044444
635 3313 765 3398 [41044040
793 3319 884 3400 qumi
908 3329 1076 3382 mortuam.
1119 3316 1246 3379 Mortuo
1274 3328 1379 3378 autem
1408 3317 1478 3378 viro
1501 3317 1569 3377 eius
1592 3338 1656 3378 non
1676 3314 1775 3379 habet
1795 3316 1935 3402 amplius

261 3441 451 3516 potestatem
481 3430 664 3493 reuertcrnli
695 3430 737 3493 ael
770 3432 899 3495 deinum
922 3446 1106 3517 parentum,
1136 3431 1192 3494 sed
1223 3433 1452 3515 consanguinei
1481 3432 1588 3493 mariti
1618 3430 1759 3495 deliructi
1781 3437 1936 3497 maritent

210 3562 242 3612 48
261 3570 349 3629 eam,
378 3558 413 3610 vt
434 3547 560 3627 volunt,
589 3546 638 3609 vel
667 3559 776 3610 manet
799 3559 954 3633 perpetuo
977 3550 1008 3611 in
1033 3548 1128 3612 domo
1151 3548 1213 3611 viri
1234 3558 1269 3609 vt
1295 3546 1412 3611 00104444.
1457 3547 1501 3611 Et
1521 3545 1595 3609 11004
1617 3545 1748 3611 Tartari
1770 3549 1935 3634 accipiant

260 3661 370 3748 plures
392 3686 511 3726 vxores
534 3662 645 3742 simul,
669 3674 776 3725 tamen
797 3665 903 3748 prima
924 3680 971 3727 cst
994 3666 1096 3727 maior
1119 3675 1150 3726 et
1172 3673 1340 3749 reputatur
1362 3663 1537 3747 legittima,
1560 3674 1591 3725 04
1612 3662 1671 3726 lilii
1691 3663 1759 3726 eius
1781 3675 1933 3750 reputan-

210 3778 497 3862 reimaginata,
525 3778 587 3841 alic
609 3801 688 3842 vero
712 3791 786 3843 sunt
808 3782 900 3866 044001
924 3780 1109 3844 concubino.
1155 3779 1219 3842 sed
1242 3790 1272 3841 04
1296 3779 1427 3841 Tartari
1449 3778 1582 3841 multum
1601 3779 1761 3843 honorant
1783 3779 1935 3846 mulieres

261 3916 372 3957 omues
395 3894 435 3957 410
457 3895 590 3975 inundo,
611 3906 642 3958 04
665 3896 804 3959 maxime
828 3919 918 3973 suas,
948 3908 978 3958 04
1001 3897 1070 3980 ipse
1093 3907 1182 3971 sunt,
1213 3918 1274 3981 que
1295 3893 1478 3979 gubernant
1500 3917 1634 3978 regnum
1655 3894 1707 3957 vel
1729 3895 1874 3978 domum,
1902 3909 1936 3962 04

211 4032 243 4081 50
261 4023 368 4073 emunt
390 4024 421 4073 et
443 4011 593 4090 vendunt,
617 4022 649 4074 et
670 4027 743 4078 sunt
762 4014 887 4075 feroces
910 4023 940 4075 04
964 4011 1123 4076 bellicose.
1160 4012 1317 4097 Equitem
1339 4024 1444 4073 autem
1467 4023 1501 4073 vt
1525 4013 1596 4088 riri,
1620 4023 1651 4073 et
1666 4011 1849 4097 frequenter
1864 4013 1934 4077 vidi

210 4143 239 4193 51
261 4148 316 4190 eas
346 4131 502 4191 intrantes
529 4129 677 4190 ciuitates
707 4150 778 4191 cum
808 4152 886 4191 areu
915 4142 946 4192 et
978 4130 1105 4212 sagittis
1134 4130 1296 4191 accinctas
1318 4140 1352 4188 vt
1373 4129 1469 4190 viros.
1513 4129 1595 4190 Sunt
1617 4138 1724 4190 autem
1743 4127 1934 4195 fidelissime

210 4243 326 4306 520010
346 4244 434 4308 viris,
480 4242 563 4307 Cum
585 4245 746 4307 exereitus
768 4244 937 4327 Abagail)
961 4256 1054 4328 terga
1076 4254 1216 4307 verteret
1239 4244 1430 4306 Sarraeeuis
1452 4245 1485 4305 in
1509 4244 1619 4327 Syria,
1642 4241 1861 4328 deprehensus
1884 4257 1935 4309 est

210 4372 241 4420 53
259 4382 395 4443 magnus
424 4357 504 4422 baro
534 4358 761 4438 Tartarorum,
801 4362 854 4443 qui
884 4360 1079 4423 sedicionem
1106 4361 1211 4423 fuerat
1239 4359 1449 4422 machinatus.
1504 4359 1586 4424 Cum
1613 4369 1721 4422 autem
1752 4361 1935 4446 Imperator

260 4474 353 4538 Chan
384 4474 651 4559 comprehensum
685 4474 780 4537 vellet
807 4500 880 4539 044444
910 4477 1074 4551 occidere,
1105 4475 1298 4539 obstiterunt
1331 4473 1459 4536 4104441440
1482 4487 1511 4537 04
1535 4475 1685 4539 mulieres
1708 4475 1933 4560 Tartarorum,

210 4603 242 4651 54
259 4599 403 4675 petentes
434 4611 507 4652 eum
539 4588 601 4652 sibi
632 4589 711 4654 dari.
758 4590 830 4669 Quo
864 4602 997 4677 accepto
1021 4603 1178 4656 coxerunt
1200 4614 1271 4653 eum
1295 4590 1934 4669 41044444,οῐ410410444040044400444041040

259 4706 449 4782 incisurn⁷⁵)
472 4728 529 4791 per
552 4717 662 4791 partes
685 4707 837 4769 minimas
859 4710 917 4771 4041
940 4709 1097 4770 exsere-itui
1118 4709 1152 4770 iu
1175 4705 1356 4791 exemplum
1380 4706 1524 4770 aliorum.

752 4905 793 4967 X.
836 4905 899 4968 DE
922 4905 1101 4970 ERRORE
1125 4903 1444 4968 TARTARORUM.

231 5048 241 5097 4
386 5036 413 5099 T
417 5039 518 5102 artari
542 5038 626 5101 enim
650 5036 784 5100 credunt
807 5046 839 5099 et
861 5048 1035 5122 expectant
1056 5035 1218 5121 quandam
1241 5038 1509 5101 resurrectionem
1531 5039 1655 5103 fatuam
1677 5036 1720 5101 ad
1740 5041 1837 5103 istam
1860 5062 1934 5104 can·

227 5163 242 5212 2
261 5148 333 5213 41040
356 5154 466 5233 vitem,
490 5168 521 5217 et
544 5154 617 5217 14100
640 5154 706 5216 suis
732 5153 865 5217 mortuis
888 5151 1061 5238 prouident
1082 5154 1303 5238 virusquisque
1319 5154 1493 5218 secundum
1510 5154 1695 5218 facultatem
1711 5176 1813 5218 suam.
1849 5154 1934 5219 Nam

322 5341 372 5410 69)
396 5341 488 5413 terra]
511 5351 626 5399 terram.
1180 5343 1229 5410 73)
1252 5358 1302 5395 eas
1324 5340 1387 5400 0041,
1410 5340 1447 5399 G.

320 5440 371 5505 70)
394 5439 541 5512 cedebant]
564 5440 580 5496 i.
604 5461 629 5498 e.
651 5440 821 5500 caedebant.
1099 5416 1130 5473 '⁸
1180 5442 1229 5509 74)
1258 5437 1323 5496 Hoc
1356 5439 1421 5496 loco
1460 5440 1489 5496 in
1522 5440 1653 5515 margins
1681 5438 1818 5515 leguntur
1845 5438 1935 5498 hace:

321 5535 371 5606 71)
394 5533 466 5595 Ood.
490 5536 526 5596 G.
549 5536 639 5596 habet
660 5541 813 5613 quoddam.
1118 5537 1198 5592 Nota
1220 5537 1255 5591 de
1276 5538 1380 5612 417090
1404 5557 1487 5613 rege,
1511 5538 1569 5599 titio
1591 5538 1752 5597 Holconia.

323 5636 373 5705 72)
395 5632 502 5692 Genes.
523 5635 562 5692 11.
591 5642 634 5695 16.
1181 5638 1231 5706 75)
1255 5636 1399 5693 inscisum.
1423 5634 1459 5695 G.
