4214 6096
1015 370 1033 429 5

193 569 255 610 non
277 554 473 631 corruptum,
496 544 554 608 sed
576 544 797 617 deformatum,
819 567 881 607 non
904 543 1034 627 editum,
1058 544 1116 608 sed
1137 557 1325 630 excerptum
1344 543 1585 629 laceratumque
1607 556 1639 608 ot
1659 558 1859 626 περιφραστι-

195 664 253 736 aris
276 664 479 726 immutatum
502 661 616 724 merito
639 659 740 724 clicas.

316 776 430 840 Restat
449 786 484 839 ut
508 777 620 861 paucis
642 796 861 860 exponamus,
891 796 956 859 qua
976 775 1101 838 ratione
1121 774 1205 839 hanc
1225 786 1367 840 nostram
1389 773 1573 839 Barchardi
1601 775 1774 840 editionem
1796 773 1860 839 dis·

195 891 377 981 ponendam
400 892 626 955 censuerimus.

316 1006 435 1071 Textui
469 1008 532 1093 ipsi
565 1014 694 1092 practer
725 1004 808 1068 hane
839 1005 1073 1090 praefationem
1102 1016 1134 1068 ct
1163 1007 1347 1070 criticorum
1375 1017 1406 1069 et
1433 1005 1735 1093 bibliographorum
1763 1027 1861 1069 causa

196 1125 421 1212 praemisimus
442 1120 607 1207 catalogos
629 1120 784 1185 librorum
807 1130 839 1185 et
859 1143 957 1183 manu
978 1133 1009 1184 et
1030 1122 1119 1206 typis
1140 1123 1341 1208 scriptorum,
1365 1120 1559 1186 subiecimus
1588 1122 1774 1207 scriptionis
1796 1119 1860 1184 dis-

196 1241 403 1325 crepantiam.
447 1236 575 1300 Deinde
598 1237 836 1301 annotationem
857 1234 1020 1316 dedimus,
1054 1259 1150 1322 quam
1173 1238 1295 1323 excipit
1317 1238 1534 1319 itinerarium,
1557 1259 1618 1323 quo
1642 1236 1860 1323 peregrinato-

195 1378 263 1421 rum
286 1364 318 1418 ct
339 1352 602 1440 geographorum
629 1353 662 1416 in
683 1374 776 1415 usum
799 1350 943 1415 locorum
968 1350 1140 1415 distantias
1171 1364 1202 1415 et
1229 1352 1456 1417 aBurchardo
1483 1364 1513 1417 et
1535 1378 1556 1417 a
1575 1352 1759 1417 recentibus
1781 1349 1861 1414 indi-

197 1484 281 1535 catas
311 1469 425 1534 addita
459 1470 638 1555 scripturae
666 1467 854 1532 diversitate
881 1466 973 1530 brevi
999 1469 1033 1531 in
1068 1477 1241 1553 conspectu
1267 1470 1443 1555 posuimus.
1484 1470 1611 1534 Indices
1638 1470 1803 1533 nominum
1830 1478 1861 1529 ct

196 1586 335 1651 locorum
362 1584 555 1649 biblioorum
585 1582 763 1648 desiderari
790 1581 968 1664 noluimus,
995 1581 1187 1665 lavelliano,
1216 1606 1352 1671 quocum
1375 1585 1565 1651 contulimus
1587 1596 1618 1650 et
1639 1608 1680 1649 cx
1700 1606 1762 1671 quo
1783 1604 1860 1646 non-

197 1701 280 1766 nulla
303 1701 493 1786 recepimus,
516 1700 679 1787 aliquanto
701 1697 935 1784 locupletiores.

813 2228 1245 2296 CATALOGUS

685 2395 840 2442 conicum
863 2396 1061 2443 BUllClIARDl
1081 2398 1128 2443 DE
1150 2397 1270 2445 MONTE
1293 2398 1378 2446 SION.

320 2544 474 2625 Primum,
497 2542 614 2630 quibus
635 2544 685 2607 usi
707 2566 826 2625 sumus,
850 2544 978 2609 codices
999 2544 1262 2631 hamburgenses,
1290 2548 1563 2628 vratislavienses,
1585 2545 1785 2624 beroensem,
1809 2542 1861 2605 de·

201 2661 273 2725 inclc
295 2659 376 2725 ahos
398 2659 554 2744 quosdam
577 2659 770 2745 descripturi
789 2682 908 2724 sumus.

589 2852 612 2905 1.
645 2858 761 2906 consu
786 2860 1088 2908 smruousrmuos
1109 2860 1373 2909 usuaunonusrs
1396 2844 1475 2923 (St).

321 2972 408 3036 Huic
431 2972 535 3038 codici
551 2973 792 3061 Staphorstiani
813 2996 928 3039 nomen
949 2973 1105 3057 dedimus,
1127 2976 1203 3062 quia
1226 2975 1393 3041 aNicolao
1414 2975 1628 3062 Staphorstio,
1650 2973 1743 3037 verbi
1761 2970 1862 3034 divini

199 3090 240 3155 ad
261 3088 373 3154 aedem
396 3111 478 3175 quac
498 3090 573 3155 olim
596 3103 665 3155 erat
686 3090 797 3155 Sancti
817 3090 947 3154 loannis
968 3090 1250 3176 Hamburgcnsom
1269 3094 1435 3177 magistro,
1457 3093 1596 3178 primam
1619 3091 1687 3154 eius
1711 3087 1860 3152 notitiam

199 3204 351 3271 traditam
366 3210 557 3292 acecpimus.
597 3205 661 3286 Qui
675 3208 709 3270 in
722 3206 886 3271 Historiae
901 3205 1056 3270 ecclesiae
1070 3206 1329 3293 Hamburgcnsis
1345 3207 1552 3294 diplomatica
1573 3216 1666 3293 parte
1680 3206 1705 3269 Ι.
1727 3200 1788 3268 vol.
1803 3200 1862 3265 III.

200 3345 270 3408 pag.
286 3325 449 3388 ata-355
471 3322 572 3385 fusius
595 3324 728 3408 exponit
750 3321 790 3385 de
810 3321 943 3403 „codice¹
963 3322 1070 3387 XXX.
1093 3324 1223 3409 (partim
1245 3325 1279 3387 in
1301 3323 1422 3395 charta,
1445 3324 1618 3409 partimin
1631 3317 1863 3394 membrana).“

199 3439 275 3503 Fuit
296 3448 402 3501 alitem
425 3460 466 3500 ex
488 3436 669 3515 codicibus,
699 3439 754 3524 qui
779 3436 855 3501 olim
875 3440 909 3502 in
931 3437 1132 3503 Bibliotheca
1154 3439 1245 3503 aedis
1268 3439 1379 3504 Sancti
1399 3440 1488 3504 Petri
1520 3439 1696 3517 asservati,
1725 3434 1864 3499 nuncin

201 3553 401 3619 Bibliotheca
422 3551 554 3637 publica
574 3552 816 3638 Hamburgcnsi
838 3554 1071 3619 custodiuntur.
1112 3556 1226 3619 Insunt
1247 3557 1281 3619 in
1305 3556 1366 3621 hoc
1386 3556 1547 3621 volumine
1568 3552 1786 3637 quaternario,
1808 3546 1865 3613 sed

199 3674 318 3735 lorruae
340 3669 483 3750 minoris,
507 3669 628 3754 scripta
651 3668 780 3751 XVIII,
802 3691 937 3756 quorum
959 3670 1103 3734 ultimum
1127 3679 1176 3734 cst
1197 3672 1470 3759 anepigraphum,
1494 3671 1660 3735 continens
1681 3663 1864 3730 Burchardi

200 3784 238 3850 oe
259 3784 369 3849 Monte
392 3782 470 3847 Sion
492 3783 741 3869 descriptionem
764 3794 869 3848 terrac
892 3798 1030 3850 sanctae.

320 3898 478 3963 Volumcn
511 3908 612 3962 totum
639 3900 830 3986 inscriptum
859 3912 920 3963 cst:
958 3906 1127 3963 Preseatem
1158 3905 1264 3963 libram
1286 3906 1365 3964 dedit
1393 3906 1527 3963 (loiniaco
1554 3904 1702 3963 Illuricae
1733 3900 1866 3975 Laupas,

198 4021 343 4095 quondam
371 4018 458 4076 huius
487 4019 627 4077 ecclesiae
657 4019 797 4078 vicarios.
843 4018 935 4077 Orate
957 4023 1052 4080 Deum
1077 4042 1137 4097 pro
1164 4042 1203 4081 eo.
1246 4019 1364 4104 Incipit
1392 4040 1410 4081 a
1437 4016 1561 4081 verbis:
1593 4022 1669 4078 Tota
1693 4018 1806 4093 pulcra
1835 4034 1866 4073 eo

196 4136 291 4193 oruica
314 4153 379 4191 orrea
401 4143 427 4192 et
449 4137 566 4192 ortucula
588 4155 646 4193 aon
668 4145 710 4194 est
734 4137 765 4193 in
787 4146 821 4195 ta.

318 4246 492 4310 Praecedit
515 4247 590 4311 huic
611 4249 749 4333 paginae
770 4247 868 4312 index
889 4270 1007 4323 eorum,
1028 4272 1110 4335 quac
1133 4250 1294 4314 volumine
1316 4252 1529 4331 continentur,
1552 4250 1584 4313 in
1607 4247 1760 4312 interiore
1774 4245 1863 4307 invo-

198 4362 276 4427 lucri
297 4362 396 4447 lignci
421 4366 509 4425 corio
532 4363 608 4426 teeti
629 4363 748 4443 latore,
771 4362 877 4428 seculo
900 4364 982 4428 XIX
1005 4367 1152 4451 scriptus.

319 4478 465 4563 Paginac
486 4489 673 4543 numeratae
694 4502 758 4543 non
782 4491 863 4543 sunt.

317 4597 387 4660 Iam
410 4594 452 4657 ad
474 4597 580 4680 ipsum
601 4595 783 4659 Burchardi
806 4595 923 4660 librum
946 4595 1194 4661 describendum
1217 4599 1433 4681 accingamur.

319 4711 433 4777 Codex
454 4723 502 4774 est
523 4711 802 4793 membranaceus,
823 4714 1063 4795 queaeramus,
1086 4712 1193 4777 seculo
1215 4713 1295 4777 XIV
1318 4724 1455 4777 excunte
1476 4712 1528 4777 vol
1550 4712 1614 4775 XV
1635 4713 1766 4775 incunte
1788 4718 1864 4785 (uon

199 4850 258 4892 acc.
273 4827 364 4907 XllI,
387 4842 423 4892 ut
439 4828 664 4913 Staphorstius
684 4826 774 4901 vulti
796 4829 934 4913 scriptus
957 4850 977 4891 a
997 4828 1132 4892 librario
1154 4830 1231 4892 satis
1255 4829 1377 4908 hebeto,
1398 4831 1454 4916 qui
1475 4830 1508 4892 in
1523 4827 1657 4914 prologo
1672 4830 1691 4906 ξ
1709 4832 1746 4891 16
1762 4823 1863 4888 verba

196 4950 241 5007 hie
264 4950 418 5015 introduc,
446 4943 488 5007 ab
511 4967 567 5026 eo,
595 4946 650 5031 qui
680 4946 709 5008 ci
738 4942 881 5008 codicem
905 4942 1151 5007 describendum
1175 4944 1322 5026 dederat,
1350 4947 1489 5031 margini
1513 4945 1656 5028 ascripta
1679 4962 1778 5028 quum
1799 4962 1863 5003 non

196 5060 396 5145 intelligeret,
417 5061 491 5145 ip'sa
512 5060 677 5147 descripta
699 5062 731 5123 in
752 5071 936 5125 contextum
957 5062 1080 5147 recepit
1102 5060 1285 5141 verborum,
1307 5072 1338 5125 et
1361 5082 1590 5146 saepenumero
1614 5055 1794 5121 dormitans
1816 5054 1863 5120 la·

197 5200 292 5241 cunas
314 5175 431 5241 multas
453 5175 591 5262 reliquit,
614 5198 739 5241 errores
765 5186 935 5262 practerea
955 5175 1137 5262 complures
1161 5177 1373 5241 committens.
1411 5172 1519 5239 Verba
1541 5173 1668 5260 singula
1683 5182 1862 5237 atramento

199 5292 381 5380 subpallido
415 5294 564 5377 notisque
593 5290 809 5377 diplomaticis
841 5292 1097 5357 inusitatiorihus
1133 5294 1256 5378 scripta
1286 5290 1403 5355 multas
1437 5290 1555 5376 legonti
1582 5289 1788 5356 difficultates
1818 5292 1863 5355 af-

197 5410 309 5474 ferunt.

320 5524 458 5591 Constat
478 5525 563 5591 foliis
586 5531 625 5591 27
648 5530 724 5595 (non
745 5530 796 5601 25)
819 5525 968 5590 binarum
991 5524 1219 5591 columnarum.

321 5642 453 5728 Prologi
475 5643 602 5706 initium
621 5664 685 5704 non
708 5641 805 5705 semel
828 5641 884 5706 sed
906 5641 956 5706 bis
979 5653 1101 5720 exstat,
1130 5642 1269 5726 primum
1291 5637 1367 5703 folio
1390 5639 1511 5723 primo,
1539 5638 1596 5703 sed
1617 5640 1734 5725 primis
1756 5637 1864 5701 verbis
