<?xml version="1.0" encoding="UTF-8"?>
<!DOCTYPE html PUBLIC "-//W3C//DTD XHTML 1.0 Transitional//EN"
    "http://www.w3.org/TR/xhtml1/DTD/xhtml1-transitional.dtd">
<html xmlns="http://www.w3.org/1999/xhtml" xml:lang="en" lang="en">
 <head>
  <title>
</title>
<meta http-equiv="Content-Type" content="text/html;charset=utf-8" />
  <meta name='ocr-system' content='tesseract 3.04.00' />
  <meta name='ocr-capabilities' content='ocr_page ocr_carea ocr_par ocr_line ocrx_word'/>
</head>
<body>
  <div class='ocr_page' id='page_1' title='image "./peregrinatoresm00peregoog_0044.png"; bbox 0 0 4214 6096; ppageno 0'>
   <div class='ocr_carea' id='block_1_1' title="bbox 964 380 1005 443">
    <p class='ocr_par' dir='ltr' id='par_1_1' title="bbox 964 380 1005 443">
     <span class='ocr_line' id='line_1_1' title="bbox 964 380 1005 443; baseline -0.024 0"><span class='ocrx_word' id='word_1_1' title='bbox 964 380 1005 443; x_wconf 79' lang='grc'>19</span> 
     </span>
    </p>
   </div>
   <div class='ocr_carea' id='block_1_2' title="bbox 148 556 1875 3651">
    <p class='ocr_par' dir='ltr' id='par_1_2' title="bbox 148 556 1821 995">
     <span class='ocr_line' id='line_1_2' title="bbox 148 556 1819 644; baseline -0.002 -17"><span class='ocrx_word' id='word_1_2' title='bbox 148 562 333 642; x_wconf 79' lang='lat' dir='ltr'>Aracheus,</span> <span class='ocrx_word' id='word_1_3' title='bbox 365 557 452 623; x_wconf 86' lang='lat' dir='ltr'>filius</span> <span class='ocrx_word' id='word_1_4' title='bbox 475 559 649 642; x_wconf 63' lang='lat' dir='ltr'>libanam,</span> <span class='ocrx_word' id='word_1_5' title='bbox 678 559 843 624; x_wconf 90' lang='lat' dir='ltr'>cdificauit</span> <span class='ocrx_word' id='word_1_6' title='bbox 863 568 895 623; x_wconf 90' lang='lat' dir='ltr'>et</span> <span class='ocrx_word' id='word_1_7' title='bbox 916 580 972 622; x_wconf 84' lang='lat' dir='ltr'>suo</span> <span class='ocrx_word' id='word_1_8' title='bbox 994 558 1124 623; x_wconf 89' lang='lat' dir='ltr'>nominc</span> <span class='ocrx_word' id='word_1_9' title='bbox 1146 556 1342 644; x_wconf 86' lang='lat' dir='ltr'>appellauit,</span> <span class='ocrx_word' id='word_1_10' title='bbox 1376 558 1458 621; x_wconf 92' lang='lat' dir='ltr'>sicut</span> <span class='ocrx_word' id='word_1_11' title='bbox 1485 556 1564 621; x_wconf 86' lang='lat' dir='ltr'>dicit</span> <span class='ocrx_word' id='word_1_12' title='bbox 1583 557 1692 644; x_wconf 80' lang='lat' dir='ltr'>glossa</span> <span class='ocrx_word' id='word_1_13' title='bbox 1715 558 1819 624; x_wconf 87' lang='lat' dir='ltr'>Gene-</span> 
     </span>
     <span class='ocr_line' id='line_1_3' title="bbox 149 672 1821 762; baseline -0.001 -19"><span class='ocrx_word' id='word_1_14' title='bbox 149 680 194 743; x_wconf 87' lang='lat' dir='ltr'>sis</span> <span class='ocrx_word' id='word_1_15' title='bbox 215 677 282 755; x_wconf 83' lang='lat' dir='ltr'>X⁸)</span> <span class='ocrx_word' id='word_1_16' title='bbox 296 677 337 755; x_wconf 57' lang='grc' dir='ltr'>εἱ1)</span> <span class='ocrx_word' id='word_1_17' title='bbox 366 685 398 750; x_wconf 89' lang='lat' dir='ltr'>et</span> <span class='ocrx_word' id='word_1_18' title='bbox 424 675 697 762; x_wconf 87' lang='lat' dir='ltr'>Paralipomenon</span> <span class='ocrx_word' id='word_1_19' title='bbox 708 677 760 753; x_wconf 75' lang='lat'>⁹⁰).</span> <span class='ocrx_word' id='word_1_20' title='bbox 808 674 853 739; x_wconf 83' lang='lat' dir='ltr'>Et</span> <span class='ocrx_word' id='word_1_21' title='bbox 881 673 1025 760; x_wconf 87' lang='lat' dir='ltr'>gloriosa</span> <span class='ocrx_word' id='word_1_22' title='bbox 1052 672 1180 751; x_wconf 63' lang='lat' dir='ltr'>ualdcl)</span> <span class='ocrx_word' id='word_1_23' title='bbox 1210 684 1242 736; x_wconf 89' lang='lat' dir='ltr'>et</span> <span class='ocrx_word' id='word_1_24' title='bbox 1268 672 1405 760; x_wconf 88' lang='lat' dir='ltr'>pulchra</span> <span class='ocrx_word' id='word_1_25' title='bbox 1431 682 1463 736; x_wconf 91' lang='lat' dir='ltr'>et</span> <span class='ocrx_word' id='word_1_26' title='bbox 1487 672 1601 737; x_wconf 87' lang='lat' dir='ltr'>fertilis</span> <span class='ocrx_word' id='word_1_27' title='bbox 1611 681 1634 752; x_wconf 70' lang='grc' dir='ltr'>ο)</span> <span class='ocrx_word' id='word_1_28' title='bbox 1662 685 1711 739; x_wconf 90' lang='lat' dir='ltr'>est</span> <span class='ocrx_word' id='word_1_29' title='bbox 1733 686 1821 742; x_wconf 84' lang='lat' dir='ltr'>terra</span> 
     </span>
     <span class='ocr_line' id='line_1_4' title="bbox 149 787 1821 875; baseline -0.001 -18"><span class='ocrx_word' id='word_1_30' title='bbox 149 796 221 862; x_wconf 83' lang='lat' dir='ltr'>ista.</span> <span class='ocrx_word' id='word_1_31' title='bbox 264 791 331 857; x_wconf 89' lang='lat' dir='ltr'>Ubi</span> <span class='ocrx_word' id='word_1_32' title='bbox 352 790 499 856; x_wconf 85' lang='lat' dir='ltr'>Libanus</span> <span class='ocrx_word' id='word_1_33' title='bbox 520 793 727 874; x_wconf 88' lang='lat' dir='ltr'>terminatur,</span> <span class='ocrx_word' id='word_1_34' title='bbox 760 791 800 855; x_wconf 94' lang='lat' dir='ltr'>de</span> <span class='ocrx_word' id='word_1_35' title='bbox 823 792 913 855; x_wconf 86' lang='lat' dir='ltr'>cuius</span> <span class='ocrx_word' id='word_1_36' title='bbox 935 790 999 854; x_wconf 88' lang='lat' dir='ltr'>situ</span> <span class='ocrx_word' id='word_1_37' title='bbox 1020 801 1052 854; x_wconf 92' lang='lat' dir='ltr'>et</span> <span class='ocrx_word' id='word_1_38' title='bbox 1071 787 1273 875; x_wconf 82' lang='lat' dir='ltr'>longitudine</span> <span class='ocrx_word' id='word_1_39' title='bbox 1295 787 1380 853; x_wconf 84' lang='lat' dir='ltr'>infra</span> <span class='ocrx_word' id='word_1_40' title='bbox 1401 787 1541 872; x_wconf 82' lang='lat' dir='ltr'>dicetur,</span> <span class='ocrx_word' id='word_1_41' title='bbox 1562 812 1635 853; x_wconf 87' lang='lat' dir='ltr'>cum</span> <span class='ocrx_word' id='word_1_42' title='bbox 1658 789 1698 854; x_wconf 89' lang='lat' dir='ltr'>de</span> <span class='ocrx_word' id='word_1_43' title='bbox 1720 790 1821 856; x_wconf 84' lang='lat' dir='ltr'>Cesa-</span> 
     </span>
     <span class='ocr_line' id='line_1_5' title="bbox 149 906 1091 995; baseline -0.005 -21"><span class='ocrx_word' id='word_1_44' title='bbox 149 931 207 974; x_wconf 88' lang='lat' dir='ltr'>rea</span> <span class='ocrx_word' id='word_1_45' title='bbox 226 907 373 995; x_wconf 91' lang='lat' dir='ltr'>Philippi</span> <span class='ocrx_word' id='word_1_46' title='bbox 395 918 428 971; x_wconf 91' lang='lat' dir='ltr'>et</span> <span class='ocrx_word' id='word_1_47' title='bbox 446 907 598 972; x_wconf 88' lang='lat' dir='ltr'>Iordanis</span> <span class='ocrx_word' id='word_1_48' title='bbox 620 917 737 973; x_wconf 85' lang='lat' dir='ltr'>exortu</span> <span class='ocrx_word' id='word_1_49' title='bbox 756 908 864 971; x_wconf 85' lang='lat' dir='ltr'>fecero</span> <span class='ocrx_word' id='word_1_50' title='bbox 886 906 1091 970; x_wconf 84' lang='lat' dir='ltr'>mentionem.</span> 
     </span>
    </p>

    <p class='ocr_par' dir='ltr' id='par_1_3' title="bbox 148 1019 1871 1562">
     <span class='ocr_line' id='line_1_6' title="bbox 272 1019 1871 1108; baseline 0 -21"><span class='ocrx_word' id='word_1_51' title='bbox 272 1023 325 1087; x_wconf 89' lang='lat' dir='ltr'>De</span> <span class='ocrx_word' id='word_1_52' title='bbox 355 1032 463 1089; x_wconf 87' lang='lat' dir='ltr'>castro</span> <span class='ocrx_word' id='word_1_53' title='bbox 491 1023 639 1088; x_wconf 88' lang='lat' dir='ltr'>Arachas</span> <span class='ocrx_word' id='word_1_54' title='bbox 674 1023 716 1088; x_wconf 90' lang='lat' dir='ltr'>ad</span> <span class='ocrx_word' id='word_1_55' title='bbox 750 1021 918 1087; x_wconf 84' lang='lat' dir='ltr'>dimidiam</span> <span class='ocrx_word' id='word_1_56' title='bbox 950 1019 1075 1086; x_wconf 84' lang='lat' dir='ltr'>leucam</span> <span class='ocrx_word' id='word_1_57' title='bbox 1104 1031 1216 1085; x_wconf 86' lang='lat' dir='ltr'>contra</span> <span class='ocrx_word' id='word_1_58' title='bbox 1242 1020 1396 1085; x_wconf 85' lang='lat' dir='ltr'>orientem</span> <span class='ocrx_word' id='word_1_59' title='bbox 1426 1031 1476 1084; x_wconf 90' lang='lat' dir='ltr'>est</span> <span class='ocrx_word' id='word_1_60' title='bbox 1497 1021 1650 1100; x_wconf 69' lang='lat' dir='ltr'>Syn⁶)⁹¹)</span> <span class='ocrx_word' id='word_1_61' title='bbox 1679 1021 1821 1108; x_wconf 89' lang='lat' dir='ltr'>opidum,</span> <span class='ocrx_word' id='word_1_62' title='bbox 1839 1028 1871 1078; x_wconf 79' lang='lat'>22</span> 
     </span>
     <span class='ocr_line' id='line_1_7' title="bbox 149 1134 1822 1227; baseline -0.001 -23"><span class='ocrx_word' id='word_1_63' title='bbox 149 1137 236 1227; x_wconf 89' lang='lat' dir='ltr'>quod</span> <span class='ocrx_word' id='word_1_64' title='bbox 256 1137 394 1225; x_wconf 83' lang='lat' dir='ltr'>Syneus,</span> <span class='ocrx_word' id='word_1_65' title='bbox 415 1137 500 1204; x_wconf 90' lang='lat' dir='ltr'>filius</span> <span class='ocrx_word' id='word_1_66' title='bbox 522 1138 690 1222; x_wconf 79' lang='lat' dir='ltr'>Chanaan,</span> <span class='ocrx_word' id='word_1_67' title='bbox 713 1139 814 1203; x_wconf 84' lang='lat' dir='ltr'>irater</span> <span class='ocrx_word' id='word_1_68' title='bbox 828 1137 980 1219; x_wconf 87' lang='lat' dir='ltr'>Araehei‚</span> <span class='ocrx_word' id='word_1_69' title='bbox 1003 1136 1166 1200; x_wconf 90' lang='lat' dir='ltr'>edificauit</span> <span class='ocrx_word' id='word_1_70' title='bbox 1186 1146 1261 1222; x_wconf 88' lang='lat' dir='ltr'>post</span> <span class='ocrx_word' id='word_1_71' title='bbox 1284 1134 1439 1200; x_wconf 90' lang='lat' dir='ltr'>diluuium</span> <span class='ocrx_word' id='word_1_72' title='bbox 1461 1157 1525 1199; x_wconf 93' lang='lat' dir='ltr'>non</span> <span class='ocrx_word' id='word_1_73' title='bbox 1549 1136 1661 1222; x_wconf 90' lang='lat' dir='ltr'>procul</span> <span class='ocrx_word' id='word_1_74' title='bbox 1683 1136 1724 1202; x_wconf 90' lang='lat' dir='ltr'>ab</span> <span class='ocrx_word' id='word_1_75' title='bbox 1739 1137 1822 1202; x_wconf 86' lang='lat' dir='ltr'>Ara·</span> 
     </span>
     <span class='ocr_line' id='line_1_8' title="bbox 149 1251 1823 1340; baseline -0.001 -20"><span class='ocrx_word' id='word_1_76' title='bbox 149 1255 243 1337; x_wconf 87' lang='lat' dir='ltr'>chas,</span> <span class='ocrx_word' id='word_1_77' title='bbox 274 1256 358 1318; x_wconf 86' lang='lat' dir='ltr'>sicut</span> <span class='ocrx_word' id='word_1_78' title='bbox 386 1252 464 1318; x_wconf 89' lang='lat' dir='ltr'>dicit</span> <span class='ocrx_word' id='word_1_79' title='bbox 496 1253 606 1339; x_wconf 84' lang='lat' dir='ltr'>glossa</span> <span class='ocrx_word' id='word_1_80' title='bbox 626 1254 763 1319; x_wconf 83' lang='lat' dir='ltr'>Genesis</span> <span class='ocrx_word' id='word_1_81' title='bbox 778 1255 828 1333; x_wconf 75' lang='lat'>⁹²).</span> <span class='ocrx_word' id='word_1_82' title='bbox 871 1254 1085 1318; x_wconf 86' lang='lat' dir='ltr'>Nestorianus</span> <span class='ocrx_word' id='word_1_83' title='bbox 1113 1261 1222 1315; x_wconf 88' lang='lat' dir='ltr'>tamon</span> <span class='ocrx_word' id='word_1_84' title='bbox 1247 1251 1377 1338; x_wconf 89' lang='lat' dir='ltr'>quidam</span> <span class='ocrx_word' id='word_1_85' title='bbox 1407 1251 1454 1316; x_wconf 92' lang='lat' dir='ltr'>ibi</span> <span class='ocrx_word' id='word_1_86' title='bbox 1476 1251 1627 1316; x_wconf 88' lang='lat' dir='ltr'>habitans</span> <span class='ocrx_word' id='word_1_87' title='bbox 1649 1253 1823 1340; x_wconf 87' lang='lat' dir='ltr'>requisitus</span> 
     </span>
     <span class='ocr_line' id='line_1_9' title="bbox 149 1365 1824 1457; baseline -0.001 -23"><span class='ocrx_word' id='word_1_88' title='bbox 149 1370 232 1435; x_wconf 88' lang='lat' dir='ltr'>dixit</span> <span class='ocrx_word' id='word_1_89' title='bbox 263 1369 343 1434; x_wconf 91' lang='lat' dir='ltr'>mihi</span> <span class='ocrx_word' id='word_1_90' title='bbox 369 1369 501 1456; x_wconf 88' lang='lat' dir='ltr'>opidum</span> <span class='ocrx_word' id='word_1_91' title='bbox 534 1369 615 1434; x_wconf 90' lang='lat' dir='ltr'>illud</span> <span class='ocrx_word' id='word_1_92' title='bbox 645 1369 806 1457; x_wconf 89' lang='lat' dir='ltr'>appellari</span> <span class='ocrx_word' id='word_1_93' title='bbox 828 1372 985 1449; x_wconf 72' lang='lat' dir='ltr'>Syaoclim</span> <span class='ocrx_word' id='word_1_94' title='bbox 998 1368 1049 1445; x_wconf 75' lang='grc'>13).</span> <span class='ocrx_word' id='word_1_95' title='bbox 1091 1367 1136 1430; x_wconf 85' lang='lat' dir='ltr'>Et</span> <span class='ocrx_word' id='word_1_96' title='bbox 1157 1365 1242 1432; x_wconf 85' lang='lat' dir='ltr'>idom</span> <span class='ocrx_word' id='word_1_97' title='bbox 1263 1367 1348 1432; x_wconf 89' lang='lat' dir='ltr'>dixit</span> <span class='ocrx_word' id='word_1_98' title='bbox 1368 1367 1448 1431; x_wconf 91' lang='lat' dir='ltr'>mihi</span> <span class='ocrx_word' id='word_1_99' title='bbox 1469 1365 1601 1455; x_wconf 90' lang='lat' dir='ltr'>quidam</span> <span class='ocrx_word' id='word_1_100' title='bbox 1623 1366 1824 1433; x_wconf 88' lang='lat' dir='ltr'>Sarracenus</span> 
     </span>
     <span class='ocr_line' id='line_1_10' title="bbox 148 1486 311 1562; baseline -0.025 -10"><span class='ocrx_word' id='word_1_101' title='bbox 148 1486 311 1562; x_wconf 78' lang='lat' dir='ltr'>ibidem0).</span> 
     </span>
    </p>

    <p class='ocr_par' dir='ltr' id='par_1_4' title="bbox 148 1597 1873 2496">
     <span class='ocr_line' id='line_1_11' title="bbox 273 1597 1873 1688; baseline -0.002 -21"><span class='ocrx_word' id='word_1_102' title='bbox 273 1599 342 1667; x_wconf 90' lang='lat' dir='ltr'>Sub</span> <span class='ocrx_word' id='word_1_103' title='bbox 374 1608 482 1664; x_wconf 88' lang='lat' dir='ltr'>castro</span> <span class='ocrx_word' id='word_1_104' title='bbox 504 1600 653 1666; x_wconf 87' lang='lat' dir='ltr'>Aracbas</span> <span class='ocrx_word' id='word_1_105' title='bbox 685 1612 716 1666; x_wconf 88' lang='lat' dir='ltr'>et</span> <span class='ocrx_word' id='word_1_106' title='bbox 743 1600 841 1688; x_wconf 93' lang='lat' dir='ltr'>opido</span> <span class='ocrx_word' id='word_1_107' title='bbox 865 1599 1041 1687; x_wconf 83' lang='lat' dir='ltr'>Synochim</span> <span class='ocrx_word' id='word_1_108' title='bbox 1074 1608 1123 1663; x_wconf 89' lang='lat' dir='ltr'>cst</span> <span class='ocrx_word' id='word_1_109' title='bbox 1144 1597 1300 1684; x_wconf 80' lang='lat' dir='ltr'>planicies</span> <span class='ocrx_word' id='word_1_110' title='bbox 1322 1600 1497 1683; x_wconf 74' lang='lat' dir='ltr'>magna⁹⁴l</span> <span class='ocrx_word' id='word_1_111' title='bbox 1520 1609 1552 1663; x_wconf 90' lang='lat' dir='ltr'>ct</span> <span class='ocrx_word' id='word_1_112' title='bbox 1573 1620 1688 1663; x_wconf 89' lang='lat' dir='ltr'>amena</span> <span class='ocrx_word' id='word_1_113' title='bbox 1710 1610 1742 1663; x_wconf 92' lang='lat' dir='ltr'>et</span> <span class='ocrx_word' id='word_1_114' title='bbox 1761 1600 1823 1664; x_wconf 88' lang='lat' dir='ltr'>fer·</span> <span class='ocrx_word' id='word_1_115' title='bbox 1842 1604 1873 1656; x_wconf 85' lang='lat'>23</span> 
     </span>
     <span class='ocr_line' id='line_1_12' title="bbox 149 1713 1825 1801; baseline -0.002 -18"><span class='ocrx_word' id='word_1_116' title='bbox 149 1717 213 1783; x_wconf 85' lang='lat' dir='ltr'>tilis</span> <span class='ocrx_word' id='word_1_117' title='bbox 236 1714 348 1798; x_wconf 86' lang='lat' dir='ltr'>ualde,</span> <span class='ocrx_word' id='word_1_118' title='bbox 376 1736 479 1801; x_wconf 89' lang='lat' dir='ltr'>usque</span> <span class='ocrx_word' id='word_1_119' title='bbox 501 1727 613 1781; x_wconf 90' lang='lat' dir='ltr'>oontra</span> <span class='ocrx_word' id='word_1_120' title='bbox 633 1726 776 1782; x_wconf 84' lang='lat' dir='ltr'>castrum</span> <span class='ocrx_word' id='word_1_121' title='bbox 795 1720 900 1778; x_wconf 81' lang='lat' dir='ltr'>Krocl</span> <span class='ocrx_word' id='word_1_122' title='bbox 914 1718 970 1796; x_wconf 77' lang='lat'>⁰⁵),</span> <span class='ocrx_word' id='word_1_123' title='bbox 993 1714 1081 1800; x_wconf 89' lang='lat' dir='ltr'>quod</span> <span class='ocrx_word' id='word_1_124' title='bbox 1100 1716 1257 1791; x_wconf 64' lang='lat' dir='ltr'>fuerat‘il)</span> <span class='ocrx_word' id='word_1_125' title='bbox 1279 1713 1448 1801; x_wconf 88' lang='lat' dir='ltr'>hospitalis</span> <span class='ocrx_word' id='word_1_126' title='bbox 1469 1716 1572 1779; x_wconf 90' lang='lat' dir='ltr'>sancti</span> <span class='ocrx_word' id='word_1_127' title='bbox 1591 1714 1761 1797; x_wconf 88' lang='lat' dir='ltr'>Iohannis,</span> <span class='ocrx_word' id='word_1_128' title='bbox 1792 1724 1825 1779; x_wconf 87' lang='lat' dir='ltr'>et</span> 
     </span>
     <span class='ocr_line' id='line_1_13' title="bbox 150 1828 1825 1920; baseline -0.002 -23"><span class='ocrx_word' id='word_1_129' title='bbox 150 1854 250 1920; x_wconf 88' lang='lat' dir='ltr'>usque</span> <span class='ocrx_word' id='word_1_130' title='bbox 277 1833 312 1895; x_wconf 89' lang='lat' dir='ltr'>in</span> <span class='ocrx_word' id='word_1_131' title='bbox 331 1830 551 1908; x_wconf 74' lang='lat' dir='ltr'>Antei-adum,</span> <span class='ocrx_word' id='word_1_132' title='bbox 580 1854 642 1917; x_wconf 88' lang='lat' dir='ltr'>que</span> <span class='ocrx_word' id='word_1_133' title='bbox 670 1854 756 1896; x_wconf 91' lang='lat' dir='ltr'>nunc</span> <span class='ocrx_word' id='word_1_134' title='bbox 776 1831 917 1896; x_wconf 85' lang='lat' dir='ltr'>Tortoaa</span> <span class='ocrx_word' id='word_1_135' title='bbox 938 1830 1072 1914; x_wconf 65' lang='lat' dir='ltr'>(licitum,</span> <span class='ocrx_word' id='word_1_136' title='bbox 1104 1832 1172 1896; x_wconf 83' lang='lat' dir='ltr'>fere</span> <span class='ocrx_word' id='word_1_137' title='bbox 1199 1853 1258 1916; x_wconf 87' lang='lat' dir='ltr'>per</span> <span class='ocrx_word' id='word_1_138' title='bbox 1279 1828 1388 1894; x_wconf 83' lang='lat' dir='ltr'>leucas</span> <span class='ocrx_word' id='word_1_139' title='bbox 1411 1830 1460 1895; x_wconf 86' lang='lat' dir='ltr'>XI</span> <span class='ocrx_word' id='word_1_140' title='bbox 1482 1829 1692 1916; x_wconf 86' lang='lat' dir='ltr'>longitudinis</span> <span class='ocrx_word' id='word_1_141' title='bbox 1715 1839 1747 1893; x_wconf 91' lang='lat' dir='ltr'>et</span> <span class='ocrx_word' id='word_1_142' title='bbox 1765 1852 1825 1917; x_wconf 89' lang='lat' dir='ltr'>per</span> 
     </span>
     <span class='ocr_line' id='line_1_14' title="bbox 148 1944 1825 2031; baseline -0.003 -17"><span class='ocrx_word' id='word_1_143' title='bbox 148 1949 196 2015; x_wconf 94' lang='lat' dir='ltr'>VI</span> <span class='ocrx_word' id='word_1_144' title='bbox 220 1948 329 2013; x_wconf 89' lang='lat' dir='ltr'>leucas</span> <span class='ocrx_word' id='word_1_145' title='bbox 355 1945 581 2023; x_wconf 68' lang='lat' dir='ltr'>latitudinis1).</span> <span class='ocrx_word' id='word_1_146' title='bbox 623 1946 785 2011; x_wconf 88' lang='lat' dir='ltr'>Plauioiea</span> <span class='ocrx_word' id='word_1_147' title='bbox 816 1947 881 2010; x_wconf 89' lang='lat' dir='ltr'>ista</span> <span class='ocrx_word' id='word_1_148' title='bbox 908 1945 1010 2009; x_wconf 90' lang='lat' dir='ltr'>multa</span> <span class='ocrx_word' id='word_1_149' title='bbox 1037 1945 1136 2010; x_wconf 90' lang='lat' dir='ltr'>habet</span> <span class='ocrx_word' id='word_1_150' title='bbox 1160 1945 1281 2010; x_wconf 86' lang='lat' dir='ltr'>casalia</span> <span class='ocrx_word' id='word_1_151' title='bbox 1304 1956 1336 2009; x_wconf 91' lang='lat' dir='ltr'>et</span> <span class='ocrx_word' id='word_1_152' title='bbox 1355 1945 1492 2031; x_wconf 90' lang='lat' dir='ltr'>pulchra</span> <span class='ocrx_word' id='word_1_153' title='bbox 1511 1967 1645 2010; x_wconf 90' lang='lat' dir='ltr'>nemora</span> <span class='ocrx_word' id='word_1_154' title='bbox 1666 1944 1825 2010; x_wconf 87' lang='lat' dir='ltr'>oliuarum</span> 
     </span>
     <span class='ocr_line' id='line_1_15' title="bbox 149 2061 1823 2148; baseline -0.002 -18"><span class='ocrx_word' id='word_1_155' title='bbox 149 2077 180 2130; x_wconf 91' lang='lat' dir='ltr'>et</span> <span class='ocrx_word' id='word_1_156' title='bbox 200 2064 318 2129; x_wconf 88' lang='lat' dir='ltr'>ficuum</span> <span class='ocrx_word' id='word_1_157' title='bbox 340 2072 372 2127; x_wconf 88' lang='lat' dir='ltr'>et</span> <span class='ocrx_word' id='word_1_158' title='bbox 392 2062 544 2127; x_wconf 86' lang='lat' dir='ltr'>arborum</span> <span class='ocrx_word' id='word_1_159' title='bbox 568 2062 704 2127; x_wconf 88' lang='lat' dir='ltr'>aliarum</span> <span class='ocrx_word' id='word_1_160' title='bbox 729 2063 852 2127; x_wconf 86' lang='lat' dir='ltr'>diuersi</span> <span class='ocrx_word' id='word_1_161' title='bbox 880 2063 1009 2146; x_wconf 88' lang='lat' dir='ltr'>generis</span> <span class='ocrx_word' id='word_1_162' title='bbox 1029 2073 1060 2125; x_wconf 89' lang='lat' dir='ltr'>ct</span> <span class='ocrx_word' id='word_1_163' title='bbox 1082 2062 1184 2126; x_wconf 91' lang='lat' dir='ltr'>multa</span> <span class='ocrx_word' id='word_1_164' title='bbox 1211 2061 1311 2148; x_wconf 90' lang='lat' dir='ltr'>ligna.</span> <span class='ocrx_word' id='word_1_165' title='bbox 1356 2061 1511 2126; x_wconf 88' lang='lat' dir='ltr'>Preterca</span> <span class='ocrx_word' id='word_1_166' title='bbox 1532 2061 1700 2126; x_wconf 87' lang='lat' dir='ltr'>habundat</span> <span class='ocrx_word' id='word_1_167' title='bbox 1720 2062 1823 2127; x_wconf 89' lang='lat' dir='ltr'>flumi-</span> 
     </span>
     <span class='ocr_line' id='line_1_16' title="bbox 149 2175 1824 2265; baseline -0.001 -22"><span class='ocrx_word' id='word_1_168' title='bbox 149 2179 244 2244; x_wconf 87' lang='lat' dir='ltr'>nibus</span> <span class='ocrx_word' id='word_1_169' title='bbox 274 2190 307 2244; x_wconf 87' lang='lat' dir='ltr'>et</span> <span class='ocrx_word' id='word_1_170' title='bbox 332 2178 463 2265; x_wconf 87' lang='lat' dir='ltr'>pascuis</span> <span class='ocrx_word' id='word_1_171' title='bbox 487 2200 587 2263; x_wconf 87' lang='lat' dir='ltr'>supra</span> <span class='ocrx_word' id='word_1_172' title='bbox 609 2178 771 2243; x_wconf 88' lang='lat' dir='ltr'>modicum</span> <span class='ocrx_word' id='word_1_173' title='bbox 779 2185 813 2255; x_wconf 83' lang='lat' dir='ltr'>a).</span> <span class='ocrx_word' id='word_1_174' title='bbox 859 2176 953 2242; x_wconf 86' lang='lat' dir='ltr'>Unde</span> <span class='ocrx_word' id='word_1_175' title='bbox 980 2177 1200 2243; x_wconf 86' lang='lat' dir='ltr'>Torcomanni</span> <span class='ocrx_word' id='word_1_176' title='bbox 1222 2188 1254 2242; x_wconf 91' lang='lat' dir='ltr'>et</span> <span class='ocrx_word' id='word_1_177' title='bbox 1275 2176 1454 2242; x_wconf 88' lang='lat' dir='ltr'>Madianite</span> <span class='ocrx_word' id='word_1_178' title='bbox 1481 2188 1514 2241; x_wconf 89' lang='lat' dir='ltr'>et</span> <span class='ocrx_word' id='word_1_179' title='bbox 1532 2175 1681 2241; x_wconf 91' lang='lat' dir='ltr'>Bodwiui</span> <span class='ocrx_word' id='word_1_180' title='bbox 1703 2176 1824 2241; x_wconf 88' lang='lat' dir='ltr'>ibidem</span> 
     </span>
     <span class='ocr_line' id='line_1_17' title="bbox 150 2291 1824 2379; baseline -0.001 -21"><span class='ocrx_word' id='word_1_181' title='bbox 150 2293 297 2359; x_wconf 90' lang='lat' dir='ltr'>habitant</span> <span class='ocrx_word' id='word_1_182' title='bbox 316 2296 349 2357; x_wconf 90' lang='lat' dir='ltr'>in</span> <span class='ocrx_word' id='word_1_183' title='bbox 369 2292 588 2358; x_wconf 88' lang='lat' dir='ltr'>tabernaculis</span> <span class='ocrx_word' id='word_1_184' title='bbox 610 2317 683 2358; x_wconf 90' lang='lat' dir='ltr'>cum</span> <span class='ocrx_word' id='word_1_185' title='bbox 705 2292 863 2359; x_wconf 83' lang='lat' dir='ltr'>uxoribus</span> <span class='ocrx_word' id='word_1_186' title='bbox 886 2302 918 2358; x_wconf 91' lang='lat' dir='ltr'>et</span> <span class='ocrx_word' id='word_1_187' title='bbox 940 2292 1016 2358; x_wconf 89' lang='lat' dir='ltr'>filiis</span> <span class='ocrx_word' id='word_1_188' title='bbox 1038 2305 1069 2359; x_wconf 87' lang='lat' dir='ltr'>et</span> <span class='ocrx_word' id='word_1_189' title='bbox 1090 2293 1263 2379; x_wconf 85' lang='lat' dir='ltr'>pecoribus</span> <span class='ocrx_word' id='word_1_190' title='bbox 1284 2295 1350 2358; x_wconf 91' lang='lat' dir='ltr'>suis</span> <span class='ocrx_word' id='word_1_191' title='bbox 1374 2303 1405 2357; x_wconf 90' lang='lat' dir='ltr'>et</span> <span class='ocrx_word' id='word_1_192' title='bbox 1427 2292 1566 2358; x_wconf 89' lang='lat' dir='ltr'>camelis.</span> <span class='ocrx_word' id='word_1_193' title='bbox 1609 2291 1687 2356; x_wconf 92' lang='lat' dir='ltr'>Uidi</span> <span class='ocrx_word' id='word_1_194' title='bbox 1702 2292 1824 2357; x_wconf 92' lang='lat' dir='ltr'>ibidem</span> 
     </span>
     <span class='ocr_line' id='line_1_18' title="bbox 150 2407 1636 2496; baseline -0.002 -22"><span class='ocrx_word' id='word_1_195' title='bbox 150 2432 282 2496; x_wconf 89' lang='lat' dir='ltr'>gregem</span> <span class='ocrx_word' id='word_1_196' title='bbox 302 2411 482 2472; x_wconf 84' lang='lat' dir='ltr'>maximum</span> <span class='ocrx_word' id='word_1_197' title='bbox 505 2407 712 2491; x_wconf 81' lang='lat' dir='ltr'>camelorum,</span> <span class='ocrx_word' id='word_1_198' title='bbox 733 2419 765 2474; x_wconf 92' lang='lat' dir='ltr'>et</span> <span class='ocrx_word' id='word_1_199' title='bbox 786 2407 893 2490; x_wconf 83' lang='lat' dir='ltr'>credo,</span> <span class='ocrx_word' id='word_1_200' title='bbox 916 2408 1002 2496; x_wconf 92' lang='lat' dir='ltr'>quod</span> <span class='ocrx_word' id='word_1_201' title='bbox 1024 2408 1118 2495; x_wconf 89' lang='lat' dir='ltr'>plura</span> <span class='ocrx_word' id='word_1_202' title='bbox 1138 2408 1229 2473; x_wconf 89' lang='lat' dir='ltr'>milia</span> <span class='ocrx_word' id='word_1_203' title='bbox 1250 2408 1446 2473; x_wconf 87' lang='lat' dir='ltr'>camelorum</span> <span class='ocrx_word' id='word_1_204' title='bbox 1467 2408 1512 2473; x_wconf 93' lang='lat' dir='ltr'>ibi</span> <span class='ocrx_word' id='word_1_205' title='bbox 1536 2417 1636 2472; x_wconf 87' lang='lat' dir='ltr'>erant.</span> 
     </span>
    </p>

    <p class='ocr_par' dir='ltr' id='par_1_5' title="bbox 150 2522 1875 2844">
     <span class='ocr_line' id='line_1_19' title="bbox 273 2522 1875 2612; baseline 0.001 -24"><span class='ocrx_word' id='word_1_206' title='bbox 273 2523 452 2589; x_wconf 88' lang='lat' dir='ltr'>Planicicm</span> <span class='ocrx_word' id='word_1_207' title='bbox 482 2522 574 2588; x_wconf 91' lang='lat' dir='ltr'>illam</span> <span class='ocrx_word' id='word_1_208' title='bbox 602 2524 837 2602; x_wconf 64' lang='lat' dir='ltr'>circumdanti)</span> <span class='ocrx_word' id='word_1_209' title='bbox 868 2524 1005 2612; x_wconf 88' lang='lat' dir='ltr'>quodam</span> <span class='ocrx_word' id='word_1_210' title='bbox 1034 2526 1239 2602; x_wconf 51' lang='lat' dir='ltr'>montanai&amp;</span> <span class='ocrx_word' id='word_1_211' title='bbox 1268 2524 1473 2607; x_wconf 81' lang='lat' dir='ltr'>oboriente,</span> <span class='ocrx_word' id='word_1_212' title='bbox 1507 2547 1572 2588; x_wconf 91' lang='lat' dir='ltr'>non</span> <span class='ocrx_word' id='word_1_213' title='bbox 1592 2523 1726 2588; x_wconf 89' lang='lat' dir='ltr'>multum</span> <span class='ocrx_word' id='word_1_214' title='bbox 1748 2524 1824 2607; x_wconf 87' lang='lat' dir='ltr'>alta,</span> <span class='ocrx_word' id='word_1_215' title='bbox 1842 2547 1875 2596; x_wconf 73' lang='lat'>24</span> 
     </span>
     <span class='ocr_line' id='line_1_20' title="bbox 150 2639 1826 2728; baseline 0.001 -24"><span class='ocrx_word' id='word_1_216' title='bbox 150 2662 211 2726; x_wconf 87' lang='lat' dir='ltr'>qua</span> <span class='ocrx_word' id='word_1_217' title='bbox 233 2641 394 2726; x_wconf 90' lang='lat' dir='ltr'>incipiunt</span> <span class='ocrx_word' id='word_1_218' title='bbox 414 2642 506 2703; x_wconf 89' lang='lat' dir='ltr'>iuxta</span> <span class='ocrx_word' id='word_1_219' title='bbox 527 2639 675 2704; x_wconf 88' lang='lat' dir='ltr'>Arachas</span> <span class='ocrx_word' id='word_1_220' title='bbox 698 2652 729 2704; x_wconf 89' lang='lat' dir='ltr'>ct</span> <span class='ocrx_word' id='word_1_221' title='bbox 747 2640 985 2728; x_wconf 87' lang='lat' dir='ltr'>protenduntur</span> <span class='ocrx_word' id='word_1_222' title='bbox 1004 2642 1162 2725; x_wconf 89' lang='lat' dir='ltr'>usquein</span> <span class='ocrx_word' id='word_1_223' title='bbox 1184 2640 1303 2704; x_wconf 89' lang='lat' dir='ltr'>Krach.</span> <span class='ocrx_word' id='word_1_224' title='bbox 1346 2640 1385 2704; x_wconf 88' lang='lat' dir='ltr'>Iu</span> <span class='ocrx_word' id='word_1_225' title='bbox 1407 2639 1471 2727; x_wconf 89' lang='lat' dir='ltr'>hijs</span> <span class='ocrx_word' id='word_1_226' title='bbox 1493 2642 1654 2704; x_wconf 88' lang='lat' dir='ltr'>montanis</span> <span class='ocrx_word' id='word_1_227' title='bbox 1677 2639 1826 2705; x_wconf 90' lang='lat' dir='ltr'>habitant</span> 
     </span>
     <span class='ocr_line' id='line_1_21' title="bbox 150 2754 1655 2844; baseline 0 -24"><span class='ocrx_word' id='word_1_228' title='bbox 150 2755 291 2844; x_wconf 90' lang='lat' dir='ltr'>quidam,</span> <span class='ocrx_word' id='word_1_229' title='bbox 313 2756 369 2842; x_wconf 92' lang='lat' dir='ltr'>qui</span> <span class='ocrx_word' id='word_1_230' title='bbox 392 2754 542 2818; x_wconf 90' lang='lat' dir='ltr'>dicuntur</span> <span class='ocrx_word' id='word_1_231' title='bbox 569 2758 768 2834; x_wconf 50' lang='lat' dir='ltr'>(sonnium),</span> <span class='ocrx_word' id='word_1_232' title='bbox 791 2779 871 2843; x_wconf 90' lang='lat' dir='ltr'>gens</span> <span class='ocrx_word' id='word_1_233' title='bbox 893 2757 992 2820; x_wconf 85' lang='lat' dir='ltr'>effera</span> <span class='ocrx_word' id='word_1_234' title='bbox 1014 2767 1045 2819; x_wconf 87' lang='lat' dir='ltr'>et</span> <span class='ocrx_word' id='word_1_235' title='bbox 1067 2756 1236 2820; x_wconf 86' lang='lat' dir='ltr'>maliciosa</span> <span class='ocrx_word' id='word_1_236' title='bbox 1249 2766 1289 2821; x_wconf 80' lang='lat' dir='ltr'>et</span> <span class='ocrx_word' id='word_1_237' title='bbox 1312 2754 1508 2820; x_wconf 86' lang='lat' dir='ltr'>Christianis</span> <span class='ocrx_word' id='word_1_238' title='bbox 1530 2756 1655 2820; x_wconf 81' lang='lat' dir='ltr'>infesta.</span> 
     </span>
    </p>

    <p class='ocr_par' dir='ltr' id='par_1_6' title="bbox 154 2869 1875 3072">
     <span class='ocr_line' id='line_1_22' title="bbox 276 2869 1875 2958; baseline 0.001 -24"><span class='ocrx_word' id='word_1_239' title='bbox 276 2870 328 2935; x_wconf 89' lang='lat' dir='ltr'>De</span> <span class='ocrx_word' id='word_1_240' title='bbox 350 2870 498 2934; x_wconf 86' lang='lat' dir='ltr'>Arachas</span> <span class='ocrx_word' id='word_1_241' title='bbox 521 2880 553 2934; x_wconf 90' lang='lat' dir='ltr'>et</span> <span class='ocrx_word' id='word_1_242' title='bbox 575 2870 752 2956; x_wconf 76' lang='lat' dir='ltr'>Synochim</span> <span class='ocrx_word' id='word_1_243' title='bbox 774 2871 880 2958; x_wconf 83' lang='lat' dir='ltr'>opidis</span> <span class='ocrx_word' id='word_1_244' title='bbox 903 2873 1057 2957; x_wconf 89' lang='lat' dir='ltr'>usquein</span> <span class='ocrx_word' id='word_1_245' title='bbox 1079 2877 1264 2933; x_wconf 80' lang='lat' dir='ltr'>Anteradam</span> <span class='ocrx_word' id='word_1_246' title='bbox 1275 2872 1316 2945; x_wconf 71' lang='grc'>19)</span> <span class='ocrx_word' id='word_1_247' title='bbox 1344 2881 1418 2935; x_wconf 86' lang='lat' dir='ltr'>aunt</span> <span class='ocrx_word' id='word_1_248' title='bbox 1441 2882 1512 2936; x_wconf 92' lang='lat' dir='ltr'>octo</span> <span class='ocrx_word' id='word_1_249' title='bbox 1532 2869 1623 2935; x_wconf 87' lang='lat' dir='ltr'>leuce</span> <span class='ocrx_word' id='word_1_250' title='bbox 1642 2894 1701 2957; x_wconf 86' lang='lat' dir='ltr'>per</span> <span class='ocrx_word' id='word_1_251' title='bbox 1722 2871 1824 2958; x_wconf 90' lang='lat' dir='ltr'>plani·</span> <span class='ocrx_word' id='word_1_252' title='bbox 1843 2895 1875 2944; x_wconf 75' lang='lat'>25</span> 
     </span>
     <span class='ocr_line' id='line_1_23' title="bbox 154 2985 1544 3072; baseline 0.001 -23"><span class='ocrx_word' id='word_1_253' title='bbox 154 2986 234 3049; x_wconf 88' lang='lat' dir='ltr'>ciem</span> <span class='ocrx_word' id='word_1_254' title='bbox 257 2985 490 3071; x_wconf 89' lang='lat' dir='ltr'>supradictam.</span> <span class='ocrx_word' id='word_1_255' title='bbox 532 2986 734 3051; x_wconf 86' lang='lat' dir='ltr'>Anteradum</span> <span class='ocrx_word' id='word_1_256' title='bbox 757 2996 864 3051; x_wconf 89' lang='lat' dir='ltr'>autem</span> <span class='ocrx_word' id='word_1_257' title='bbox 888 2986 1005 3051; x_wconf 86' lang='lat' dir='ltr'>dicitur</span> <span class='ocrx_word' id='word_1_258' title='bbox 1030 2989 1123 3072; x_wconf 87' lang='lat' dir='ltr'>quasi</span> <span class='ocrx_word' id='word_1_259' title='bbox 1144 2999 1213 3049; x_wconf 79' lang='lat' dir='ltr'>ante</span> <span class='ocrx_word' id='word_1_260' title='bbox 1234 2992 1382 3048; x_wconf 83' lang='lat' dir='ltr'>Aradium</span> <span class='ocrx_word' id='word_1_261' title='bbox 1395 2988 1450 3064; x_wconf 86' lang='lat'>¹⁰⁰)</span> <span class='ocrx_word' id='word_1_262' title='bbox 1472 2988 1544 3050; x_wconf 90' lang='lat' dir='ltr'>sita.</span> 
     </span>
    </p>

    <p class='ocr_par' dir='ltr' id='par_1_7' title="bbox 149 3099 1825 3651">
     <span class='ocr_line' id='line_1_24' title="bbox 272 3099 1825 3189; baseline 0.003 -26"><span class='ocrx_word' id='word_1_263' title='bbox 272 3099 334 3163; x_wconf 85' lang='lat' dir='ltr'>Est</span> <span class='ocrx_word' id='word_1_264' title='bbox 367 3112 473 3166; x_wconf 83' lang='lat' dir='ltr'>autem</span> <span class='ocrx_word' id='word_1_265' title='bbox 494 3106 642 3164; x_wconf 77' lang='lat' dir='ltr'>Aradium</span> <span class='ocrx_word' id='word_1_266' title='bbox 673 3102 779 3168; x_wconf 88' lang='lat' dir='ltr'>insula</span> <span class='ocrx_word' id='word_1_267' title='bbox 809 3105 842 3166; x_wconf 93' lang='lat' dir='ltr'>in</span> <span class='ocrx_word' id='word_1_268' title='bbox 870 3102 967 3168; x_wconf 84' lang='lat' dir='ltr'>corde</span> <span class='ocrx_word' id='word_1_269' title='bbox 997 3105 1116 3186; x_wconf 83' lang='lat' dir='ltr'>maris,</span> <span class='ocrx_word' id='word_1_270' title='bbox 1150 3125 1170 3167; x_wconf 92' lang='lat' dir='ltr'>a</span> <span class='ocrx_word' id='word_1_271' title='bbox 1196 3111 1286 3167; x_wconf 85' lang='lat' dir='ltr'>terra</span> <span class='ocrx_word' id='word_1_272' title='bbox 1314 3102 1410 3166; x_wconf 90' lang='lat' dir='ltr'>firma</span> <span class='ocrx_word' id='word_1_273' title='bbox 1430 3125 1489 3189; x_wconf 85' lang='lat' dir='ltr'>per</span> <span class='ocrx_word' id='word_1_274' title='bbox 1511 3100 1679 3167; x_wconf 87' lang='lat' dir='ltr'>dimidiam</span> <span class='ocrx_word' id='word_1_275' title='bbox 1699 3102 1825 3167; x_wconf 89' lang='lat' dir='ltr'>leucam</span> 
     </span>
     <span class='ocr_line' id='line_1_25' title="bbox 153 3215 1822 3305; baseline 0.001 -25"><span class='ocrx_word' id='word_1_276' title='bbox 153 3215 287 3280; x_wconf 84' lang='lat' dir='ltr'>distans.</span> <span class='ocrx_word' id='word_1_277' title='bbox 329 3216 368 3279; x_wconf 90' lang='lat' dir='ltr'>In</span> <span class='ocrx_word' id='word_1_278' title='bbox 394 3216 456 3281; x_wconf 87' lang='lat' dir='ltr'>hac</span> <span class='ocrx_word' id='word_1_279' title='bbox 482 3216 587 3281; x_wconf 93' lang='lat' dir='ltr'>adhuc</span> <span class='ocrx_word' id='word_1_280' title='bbox 616 3216 731 3282; x_wconf 84' lang='lat' dir='ltr'>dicbus</span> <span class='ocrx_word' id='word_1_281' title='bbox 758 3221 878 3284; x_wconf 87' lang='lat' dir='ltr'>nostris</span> <span class='ocrx_word' id='word_1_282' title='bbox 900 3229 970 3285; x_wconf 87' lang='lat' dir='ltr'>erat</span> <span class='ocrx_word' id='word_1_283' title='bbox 997 3221 1112 3284; x_wconf 88' lang='lat' dir='ltr'>ciuitas</span> <span class='ocrx_word' id='word_1_284' title='bbox 1141 3218 1241 3301; x_wconf 90' lang='lat' dir='ltr'>bona,</span> <span class='ocrx_word' id='word_1_285' title='bbox 1279 3219 1318 3283; x_wconf 89' lang='lat' dir='ltr'>dc</span> <span class='ocrx_word' id='word_1_286' title='bbox 1342 3241 1406 3305; x_wconf 93' lang='lat' dir='ltr'>qua</span> <span class='ocrx_word' id='word_1_287' title='bbox 1428 3218 1546 3301; x_wconf 84' lang='lat' dir='ltr'>dicitur</span> <span class='ocrx_word' id='word_1_288' title='bbox 1567 3216 1822 3297; x_wconf 70' lang='lat' dir='ltr'>Ezechielewu:</span> 
     </span>
     <span class='ocr_line' id='line_1_26' title="bbox 152 3332 1825 3413; baseline 0.002 -20"><span class='ocrx_word' id='word_1_289' title='bbox 152 3336 226 3394; x_wconf 83' lang='lat' dir='ltr'>Filii</span> <span class='ocrx_word' id='word_1_290' title='bbox 237 3335 350 3395; x_wconf 81' lang='lat' dir='ltr'>Aradii</span> <span class='ocrx_word' id='word_1_291' title='bbox 372 3356 435 3394; x_wconf 84' lang='lat' dir='ltr'>cam</span> <span class='ocrx_word' id='word_1_292' title='bbox 456 3337 587 3394; x_wconf 67' lang='lat' dir='ltr'>exarata</span> <span class='ocrx_word' id='word_1_293' title='bbox 608 3345 656 3394; x_wconf 89' lang='lat' dir='ltr'>tuo</span> <span class='ocrx_word' id='word_1_294' title='bbox 677 3357 769 3413; x_wconf 80' lang='lat' dir='ltr'>super</span> <span class='ocrx_word' id='word_1_295' title='bbox 789 3359 889 3396; x_wconf 82' lang='lat' dir='ltr'>maros</span> <span class='ocrx_word' id='word_1_296' title='bbox 912 3349 976 3396; x_wconf 84' lang='lat' dir='ltr'>tuos</span> <span class='ocrx_word' id='word_1_297' title='bbox 998 3338 1178 3398; x_wconf 81' lang='lat' dir='ltr'>incircuitu.</span> <span class='ocrx_word' id='word_1_298' title='bbox 1210 3332 1344 3399; x_wconf 83' lang='lat' dir='ltr'>Glossa:</span> <span class='ocrx_word' id='word_1_299' title='bbox 1364 3338 1512 3397; x_wconf 81' lang='lat' dir='ltr'>Aradium</span> <span class='ocrx_word' id='word_1_300' title='bbox 1528 3332 1635 3396; x_wconf 71' lang='lat' dir='ltr'>ciuitas·</span> <span class='ocrx_word' id='word_1_301' title='bbox 1649 3346 1710 3395; x_wconf 84' lang='lat' dir='ltr'>tota</span> <span class='ocrx_word' id='word_1_302' title='bbox 1727 3338 1825 3396; x_wconf 79' lang='lat' dir='ltr'>cincta</span> 
     </span>
     <span class='ocr_line' id='line_1_27' title="bbox 150 3448 1824 3536; baseline 0.001 -25"><span class='ocrx_word' id='word_1_303' title='bbox 150 3454 236 3525; x_wconf 83' lang='lat' dir='ltr'>mari,</span> <span class='ocrx_word' id='word_1_304' title='bbox 262 3460 368 3511; x_wconf 80' lang='lat' dir='ltr'>contra</span> <span class='ocrx_word' id='word_1_305' title='bbox 389 3455 574 3510; x_wconf 80' lang='lat' dir='ltr'>Anteradum</span> <span class='ocrx_word' id='word_1_306' title='bbox 596 3453 664 3523; x_wconf 79' lang='lat' dir='ltr'>sito,</span> <span class='ocrx_word' id='word_1_307' title='bbox 687 3452 787 3512; x_wconf 83' lang='lat' dir='ltr'>uicina</span> <span class='ocrx_word' id='word_1_308' title='bbox 810 3458 900 3531; x_wconf 78' lang='lat' dir='ltr'>Tyro.</span> <span class='ocrx_word' id='word_1_309' title='bbox 943 3450 1066 3515; x_wconf 86' lang='lat' dir='ltr'>Uerum</span> <span class='ocrx_word' id='word_1_310' title='bbox 1086 3460 1144 3531; x_wconf 81' lang='lat' dir='ltr'>cst,</span> <span class='ocrx_word' id='word_1_311' title='bbox 1167 3448 1253 3536; x_wconf 89' lang='lat' dir='ltr'>quod</span> <span class='ocrx_word' id='word_1_312' title='bbox 1275 3449 1374 3514; x_wconf 89' lang='lat' dir='ltr'>distat</span> <span class='ocrx_word' id='word_1_313' title='bbox 1395 3450 1436 3514; x_wconf 88' lang='lat' dir='ltr'>ab</span> <span class='ocrx_word' id='word_1_314' title='bbox 1459 3472 1576 3536; x_wconf 87' lang='lat' dir='ltr'>caper</span> <span class='ocrx_word' id='word_1_315' title='bbox 1599 3452 1739 3535; x_wconf 90' lang='lat' dir='ltr'>quinque</span> <span class='ocrx_word' id='word_1_316' title='bbox 1758 3449 1824 3513; x_wconf 90' lang='lat' dir='ltr'>die·</span> 
     </span>
     <span class='ocr_line' id='line_1_28' title="bbox 149 3562 1583 3651; baseline 0.002 -23"><span class='ocrx_word' id='word_1_317' title='bbox 149 3577 208 3631; x_wconf 83' lang='lat' dir='ltr'>tas.</span> <span class='ocrx_word' id='word_1_318' title='bbox 251 3562 405 3630; x_wconf 79' lang='lat' dir='ltr'>Condidit</span> <span class='ocrx_word' id='word_1_319' title='bbox 427 3575 537 3628; x_wconf 91' lang='lat' dir='ltr'>autem</span> <span class='ocrx_word' id='word_1_320' title='bbox 560 3564 725 3628; x_wconf 85' lang='lat' dir='ltr'>ciuitatem</span> <span class='ocrx_word' id='word_1_321' title='bbox 747 3565 830 3631; x_wconf 89' lang='lat' dir='ltr'>hanc</span> <span class='ocrx_word' id='word_1_322' title='bbox 852 3566 1005 3648; x_wconf 88' lang='lat' dir='ltr'>Aradius,</span> <span class='ocrx_word' id='word_1_323' title='bbox 1026 3564 1111 3629; x_wconf 87' lang='lat' dir='ltr'>iilius</span> <span class='ocrx_word' id='word_1_324' title='bbox 1135 3564 1302 3646; x_wconf 85' lang='lat' dir='ltr'>Chanaan,</span> <span class='ocrx_word' id='word_1_325' title='bbox 1324 3577 1396 3651; x_wconf 85' lang='lat' dir='ltr'>post</span> <span class='ocrx_word' id='word_1_326' title='bbox 1419 3565 1583 3631; x_wconf 89' lang='lat' dir='ltr'>diluuium.</span> 
     </span>
    </p>
   </div>
   <div class='ocr_carea' id='block_1_3' title="bbox 215 3725 1826 4217">
    <p class='ocr_par' dir='ltr' id='par_1_8' title="bbox 215 3725 1826 4217">
     <span class='ocr_line' id='line_1_29' title="bbox 215 3725 1825 3800; baseline 0.003 -20"><span class='ocrx_word' id='word_1_327' title='bbox 215 3730 243 3795; x_wconf 87' lang='lat' dir='ltr'>a)</span> <span class='ocrx_word' id='word_1_328' title='bbox 263 3726 375 3782; x_wconf 83' lang='lat' dir='ltr'>Numeri</span> <span class='ocrx_word' id='word_1_329' title='bbox 394 3726 421 3780; x_wconf 91' lang='lat' dir='ltr'>X</span> <span class='ocrx_word' id='word_1_330' title='bbox 440 3725 548 3797; x_wconf 88' lang='lat' dir='ltr'>signum</span> <span class='ocrx_word' id='word_1_331' title='bbox 565 3744 617 3780; x_wconf 92' lang='lat' dir='ltr'>om.</span> <span class='ocrx_word' id='word_1_332' title='bbox 637 3725 693 3795; x_wconf 81' lang='lat' dir='ltr'>St,</span> <span class='ocrx_word' id='word_1_333' title='bbox 718 3727 846 3783; x_wconf 89' lang='lat' dir='ltr'>lacunam</span> <span class='ocrx_word' id='word_1_334' title='bbox 864 3730 1021 3800; x_wconf 86' lang='lat' dir='ltr'>relinquens</span> <span class='ocrx_word' id='word_1_335' title='bbox 1040 3735 1104 3799; x_wconf 92' lang='lat' dir='ltr'>post</span> <span class='ocrx_word' id='word_1_336' title='bbox 1121 3728 1217 3782; x_wconf 89' lang='lat' dir='ltr'>vocab.</span> <span class='ocrx_word' id='word_1_337' title='bbox 1238 3728 1360 3783; x_wconf 64' lang='lat' dir='ltr'>(lauccio.</span> <span class='ocrx_word' id='word_1_338' title='bbox 1388 3757 1417 3766; x_wconf 93' lang='lat'><em>-</em></span> <span class='ocrx_word' id='word_1_339' title='bbox 1444 3727 1473 3797; x_wconf 83' lang='lat' dir='ltr'>b)</span> <span class='ocrx_word' id='word_1_340' title='bbox 1490 3736 1515 3781; x_wconf 83' lang='lat' dir='ltr'>et</span> <span class='ocrx_word' id='word_1_341' title='bbox 1527 3728 1639 3800; x_wconf 70' lang='lat' dir='ltr'>palrpp.</span> <span class='ocrx_word' id='word_1_342' title='bbox 1664 3731 1697 3783; x_wconf 84' lang='lat' dir='ltr'>id</span> <span class='ocrx_word' id='word_1_343' title='bbox 1711 3738 1750 3784; x_wconf 82' lang='lat' dir='ltr'>cat</span> <span class='ocrx_word' id='word_1_344' title='bbox 1767 3731 1825 3800; x_wconf 69' lang='lat' dir='ltr'>ylo-</span> 
     </span>
     <span class='ocr_line' id='line_1_30' title="bbox 283 3810 1825 3884; baseline 0.003 -21"><span class='ocrx_word' id='word_1_345' title='bbox 283 3811 360 3864; x_wconf 85' lang='lat' dir='ltr'>riora</span> <span class='ocrx_word' id='word_1_346' title='bbox 377 3810 460 3864; x_wconf 77' lang='lat' dir='ltr'>aahle</span> <span class='ocrx_word' id='word_1_347' title='bbox 477 3811 517 3865; x_wconf 83' lang='lat' dir='ltr'>st.</span> <span class='ocrx_word' id='word_1_348' title='bbox 528 3841 560 3848; x_wconf 97' lang='lat'><strong>—</strong></span> <span class='ocrx_word' id='word_1_349' title='bbox 579 3813 605 3873; x_wconf 77' lang='lat' dir='ltr'>cl</span> <span class='ocrx_word' id='word_1_350' title='bbox 625 3811 728 3864; x_wconf 78' lang='lat' dir='ltr'>sterilia</span> <span class='ocrx_word' id='word_1_351' title='bbox 745 3810 785 3868; x_wconf 88' lang='lat' dir='ltr'>St.</span> <span class='ocrx_word' id='word_1_352' title='bbox 799 3814 911 3884; x_wconf 79' lang='lat' dir='ltr'>fartilia</span> <span class='ocrx_word' id='word_1_353' title='bbox 931 3813 955 3866; x_wconf 90' lang='lat' dir='ltr'>h.</span> <span class='ocrx_word' id='word_1_354' title='bbox 969 3844 1000 3853; x_wconf 91' lang='lat'>—</span> <span class='ocrx_word' id='word_1_355' title='bbox 1019 3813 1048 3883; x_wconf 85' lang='lat' dir='ltr'>d)</span> <span class='ocrx_word' id='word_1_356' title='bbox 1065 3832 1132 3880; x_wconf 70' lang='lat' dir='ltr'>cyon</span> <span class='ocrx_word' id='word_1_357' title='bbox 1150 3813 1189 3866; x_wconf 83' lang='lat' dir='ltr'>St.</span> <span class='ocrx_word' id='word_1_358' title='bbox 1204 3810 1229 3865; x_wconf 92' lang='lat' dir='ltr'>h.</span> <span class='ocrx_word' id='word_1_359' title='bbox 1243 3841 1274 3850; x_wconf 95' lang='lat'><em>-</em></span> <span class='ocrx_word' id='word_1_360' title='bbox 1292 3811 1318 3881; x_wconf 89' lang='lat' dir='ltr'>e)</span> <span class='ocrx_word' id='word_1_361' title='bbox 1336 3810 1443 3866; x_wconf 85' lang='lat' dir='ltr'>Verba:</span> <span class='ocrx_word' id='word_1_362' title='bbox 1460 3813 1607 3881; x_wconf 61' lang='lat' dir='ltr'>remairitua</span> <span class='ocrx_word' id='word_1_363' title='bbox 1623 3813 1696 3866; x_wconf 66' lang='lat' dir='ltr'>dra-it</span> <span class='ocrx_word' id='word_1_364' title='bbox 1709 3844 1738 3852; x_wconf 90' lang='lat'>-</span> <span class='ocrx_word' id='word_1_365' title='bbox 1758 3815 1825 3868; x_wconf 82' lang='lat' dir='ltr'>Sar-</span> 
     </span>
     <span class='ocr_line' id='line_1_31' title="bbox 284 3892 1826 3968; baseline 0.003 -21"><span class='ocrx_word' id='word_1_366' title='bbox 284 3911 398 3947; x_wconf 77' lang='lat' dir='ltr'>racenua</span> <span class='ocrx_word' id='word_1_367' title='bbox 414 3894 515 3947; x_wconf 81' lang='lat' dir='ltr'>ibidem</span> <span class='ocrx_word' id='word_1_368' title='bbox 533 3911 584 3947; x_wconf 92' lang='lat' dir='ltr'>om.</span> <span class='ocrx_word' id='word_1_369' title='bbox 605 3892 656 3962; x_wconf 83' lang='lat' dir='ltr'>St,</span> <span class='ocrx_word' id='word_1_370' title='bbox 673 3892 757 3948; x_wconf 90' lang='lat' dir='ltr'>habet</span> <span class='ocrx_word' id='word_1_371' title='bbox 775 3895 801 3952; x_wconf 89' lang='lat' dir='ltr'>h.</span> <span class='ocrx_word' id='word_1_372' title='bbox 821 3928 854 3936; x_wconf 82' lang='lat'>—</span> <span class='ocrx_word' id='word_1_373' title='bbox 872 3897 901 3967; x_wconf 86' lang='lat' dir='ltr'>f)</span> <span class='ocrx_word' id='word_1_374' title='bbox 919 3897 1008 3951; x_wconf 88' lang='lat' dir='ltr'>sancti</span> <span class='ocrx_word' id='word_1_375' title='bbox 1029 3895 1161 3951; x_wconf 82' lang='lat' dir='ltr'>Iohannis</span> <span class='ocrx_word' id='word_1_376' title='bbox 1181 3893 1238 3950; x_wconf 87' lang='lat' dir='ltr'>fere</span> <span class='ocrx_word' id='word_1_377' title='bbox 1256 3912 1306 3965; x_wconf 88' lang='lat' dir='ltr'>per</span> <span class='ocrx_word' id='word_1_378' title='bbox 1323 3896 1417 3950; x_wconf 87' lang='lat' dir='ltr'>leucas</span> <span class='ocrx_word' id='word_1_379' title='bbox 1434 3895 1477 3948; x_wconf 84' lang='lat' dir='ltr'>XI</span> <span class='ocrx_word' id='word_1_380' title='bbox 1494 3895 1676 3965; x_wconf 86' lang='lat' dir='ltr'>longitudinis</span> <span class='ocrx_word' id='word_1_381' title='bbox 1693 3904 1722 3951; x_wconf 88' lang='lat' dir='ltr'>ct</span> <span class='ocrx_word' id='word_1_382' title='bbox 1738 3914 1826 3968; x_wconf 86' lang='lat' dir='ltr'>usque</span> 
     </span>
     <span class='ocr_line' id='line_1_32' title="bbox 282 3976 1825 4051; baseline 0.004 -22"><span class='ocrx_word' id='word_1_383' title='bbox 282 3976 311 4030; x_wconf 92' lang='lat' dir='ltr'>iu</span> <span class='ocrx_word' id='word_1_384' title='bbox 329 3977 518 4031; x_wconf 85' lang='lat' dir='ltr'>Anterandum</span> <span class='ocrx_word' id='word_1_385' title='bbox 536 3993 590 4047; x_wconf 89' lang='lat' dir='ltr'>que</span> <span class='ocrx_word' id='word_1_386' title='bbox 608 3994 681 4030; x_wconf 90' lang='lat' dir='ltr'>nunc</span> <span class='ocrx_word' id='word_1_387' title='bbox 699 3984 805 4034; x_wconf 85' lang='lat' dir='ltr'>tortosa</span> <span class='ocrx_word' id='word_1_388' title='bbox 822 3980 931 4035; x_wconf 90' lang='lat' dir='ltr'>dicitur.</span> <span class='ocrx_word' id='word_1_389' title='bbox 967 3980 1106 4035; x_wconf 86' lang='lat' dir='ltr'>Planicies</span> <span class='ocrx_word' id='word_1_390' title='bbox 1127 3980 1180 4032; x_wconf 84' lang='lat' dir='ltr'>ista</span> <span class='ocrx_word' id='word_1_391' title='bbox 1199 3978 1238 4034; x_wconf 91' lang='lat' dir='ltr'>St.</span> <span class='ocrx_word' id='word_1_392' title='bbox 1257 4010 1290 4018; x_wconf 93' lang='lat'><em>-</em></span> <span class='ocrx_word' id='word_1_393' title='bbox 1312 3979 1340 4051; x_wconf 87' lang='lat' dir='ltr'>s)</span> <span class='ocrx_word' id='word_1_394' title='bbox 1359 3978 1449 4033; x_wconf 88' lang='lat' dir='ltr'>sancti</span> <span class='ocrx_word' id='word_1_395' title='bbox 1469 3978 1601 4033; x_wconf 85' lang='lat' dir='ltr'>Iohannis</span> <span class='ocrx_word' id='word_1_396' title='bbox 1625 3979 1682 4034; x_wconf 85' lang='lat' dir='ltr'>sere</span> <span class='ocrx_word' id='word_1_397' title='bbox 1701 3997 1752 4051; x_wconf 86' lang='lat' dir='ltr'>per</span> <span class='ocrx_word' id='word_1_398' title='bbox 1769 3981 1825 4036; x_wconf 88' lang='lat' dir='ltr'>leu-</span> 
     </span>
     <span class='ocr_line' id='line_1_33' title="bbox 282 4059 1825 4135; baseline 0.003 -21"><span class='ocrx_word' id='word_1_399' title='bbox 282 4076 331 4114; x_wconf 83' lang='lat' dir='ltr'>cas</span> <span class='ocrx_word' id='word_1_400' title='bbox 347 4060 390 4115; x_wconf 90' lang='lat' dir='ltr'>XI</span> <span class='ocrx_word' id='word_1_401' title='bbox 408 4059 589 4132; x_wconf 89' lang='lat' dir='ltr'>longitudinis</span> <span class='ocrx_word' id='word_1_402' title='bbox 606 4066 633 4113; x_wconf 89' lang='lat' dir='ltr'>et</span> <span class='ocrx_word' id='word_1_403' title='bbox 651 4078 738 4131; x_wconf 88' lang='lat' dir='ltr'>usque</span> <span class='ocrx_word' id='word_1_404' title='bbox 756 4062 792 4115; x_wconf 86' lang='lat' dir='ltr'>ad</span> <span class='ocrx_word' id='word_1_405' title='bbox 806 4062 996 4116; x_wconf 84' lang='lat' dir='ltr'>Anteraudum</span> <span class='ocrx_word' id='word_1_406' title='bbox 1013 4079 1063 4133; x_wconf 90' lang='lat' dir='ltr'>pcr</span> <span class='ocrx_word' id='word_1_407' title='bbox 1080 4063 1120 4117; x_wconf 96' lang='lat' dir='ltr'>VI</span> <span class='ocrx_word' id='word_1_408' title='bbox 1138 4063 1231 4117; x_wconf 84' lang='lat' dir='ltr'>leucas</span> <span class='ocrx_word' id='word_1_409' title='bbox 1250 4062 1404 4116; x_wconf 84' lang='lat' dir='ltr'>latitudinis</span> <span class='ocrx_word' id='word_1_410' title='bbox 1422 4079 1508 4133; x_wconf 81' lang='lat' dir='ltr'>usque</span> <span class='ocrx_word' id='word_1_411' title='bbox 1528 4062 1556 4116; x_wconf 92' lang='lat' dir='ltr'>in</span> <span class='ocrx_word' id='word_1_412' title='bbox 1575 4062 1754 4118; x_wconf 83' lang='lat' dir='ltr'>Anterandus</span> <span class='ocrx_word' id='word_1_413' title='bbox 1772 4080 1825 4135; x_wconf 89' lang='lat' dir='ltr'>que</span> 
     </span>
     <span class='ocr_line' id='line_1_34' title="bbox 282 4143 1704 4217; baseline 0.002 -20"><span class='ocrx_word' id='word_1_414' title='bbox 282 4161 355 4198; x_wconf 89' lang='lat' dir='ltr'>nuno</span> <span class='ocrx_word' id='word_1_415' title='bbox 375 4151 482 4200; x_wconf 83' lang='lat' dir='ltr'>tortosa</span> <span class='ocrx_word' id='word_1_416' title='bbox 498 4143 607 4198; x_wconf 87' lang='lat' dir='ltr'>dicitur.</span> <span class='ocrx_word' id='word_1_417' title='bbox 641 4144 780 4200; x_wconf 84' lang='lat' dir='ltr'>Planicies</span> <span class='ocrx_word' id='word_1_418' title='bbox 797 4145 851 4199; x_wconf 87' lang='lat' dir='ltr'>ista</span> <span class='ocrx_word' id='word_1_419' title='bbox 868 4145 894 4200; x_wconf 89' lang='lat' dir='ltr'>h.</span> <span class='ocrx_word' id='word_1_420' title='bbox 914 4175 943 4185; x_wconf 92' lang='lat'>-</span> <span class='ocrx_word' id='word_1_421' title='bbox 963 4150 993 4217; x_wconf 86' lang='lat' dir='ltr'>g)</span> <span class='ocrx_word' id='word_1_422' title='bbox 1012 4149 1121 4201; x_wconf 71' lang='lat' dir='ltr'>aiodian</span> <span class='ocrx_word' id='word_1_423' title='bbox 1140 4146 1166 4201; x_wconf 91' lang='lat' dir='ltr'>h.</span> <span class='ocrx_word' id='word_1_424' title='bbox 1183 4149 1320 4200; x_wconf 82' lang='lat' dir='ltr'>modicam</span> <span class='ocrx_word' id='word_1_425' title='bbox 1338 4146 1377 4200; x_wconf 89' lang='lat' dir='ltr'>St.</span> <span class='ocrx_word' id='word_1_426' title='bbox 1396 4177 1430 4186; x_wconf 98' lang='lat'>-</span> <span class='ocrx_word' id='word_1_427' title='bbox 1447 4144 1476 4212; x_wconf 88' lang='lat' dir='ltr'>h)</span> <span class='ocrx_word' id='word_1_428' title='bbox 1495 4147 1647 4200; x_wconf 65' lang='lat' dir='ltr'>circumnatat</span> <span class='ocrx_word' id='word_1_429' title='bbox 1664 4146 1704 4202; x_wconf 86' lang='lat' dir='ltr'>St.</span> 
     </span>
    </p>
   </div>
   <div class='ocr_carea' id='block_1_4' title="bbox 146 4282 1827 5750">
    <p class='ocr_par' dir='ltr' id='par_1_9' title="bbox 206 4282 1826 4556">
     <span class='ocr_line' id='line_1_35' title="bbox 210 4282 1826 4365; baseline 0.001 -20"><span class='ocrx_word' id='word_1_430' title='bbox 210 4287 260 4357; x_wconf 87' lang='grc'>89)</span> <span class='ocrx_word' id='word_1_431' title='bbox 283 4284 437 4342; x_wconf 77' lang='lat' dir='ltr'>Araricus</span> <span class='ocrx_word' id='word_1_432' title='bbox 458 4315 499 4326; x_wconf 91' lang='lat'>-</span> <span class='ocrx_word' id='word_1_433' title='bbox 522 4282 629 4343; x_wconf 78' lang='lat' dir='ltr'>Genea.</span> <span class='ocrx_word' id='word_1_434' title='bbox 652 4285 697 4359; x_wconf 83' lang='lat' dir='ltr'>X]</span> <span class='ocrx_word' id='word_1_435' title='bbox 720 4307 747 4344; x_wconf 88' lang='lat' dir='ltr'>v.</span> <span class='ocrx_word' id='word_1_436' title='bbox 775 4291 817 4346; x_wconf 91' lang='grc'>17.</span> <span class='ocrx_word' id='word_1_437' title='bbox 1070 4290 1120 4359; x_wconf 89' lang='grc'>96)</span> <span class='ocrx_word' id='word_1_438' title='bbox 1142 4286 1260 4361; x_wconf 83' lang='lat' dir='ltr'>suerat]</span> <span class='ocrx_word' id='word_1_439' title='bbox 1294 4306 1384 4365; x_wconf 87' lang='lat' dir='ltr'>usque</span> <span class='ocrx_word' id='word_1_440' title='bbox 1416 4284 1454 4344; x_wconf 91' lang='lat' dir='ltr'>ad</span> <span class='ocrx_word' id='word_1_441' title='bbox 1484 4306 1591 4345; x_wconf 88' lang='lat' dir='ltr'>annum</span> <span class='ocrx_word' id='word_1_442' title='bbox 1627 4290 1712 4349; x_wconf 82' lang='grc'>1271.</span> <span class='ocrx_word' id='word_1_443' title='bbox 1758 4285 1826 4346; x_wconf 90' lang='lat' dir='ltr'>Vid.</span> 
     </span>
     <span class='ocr_line' id='line_1_36' title="bbox 211 4380 1823 4466; baseline 0.001 -23"><span class='ocrx_word' id='word_1_444' title='bbox 211 4384 263 4456; x_wconf 94' lang='grc'>90)</span> <span class='ocrx_word' id='word_1_445' title='bbox 286 4382 437 4458; x_wconf 84' lang='lat' dir='ltr'>Paralip.]</span> <span class='ocrx_word' id='word_1_446' title='bbox 460 4383 474 4440; x_wconf 96' lang='lat' dir='ltr'>I</span> <span class='ocrx_word' id='word_1_447' title='bbox 496 4380 605 4444; x_wconf 81' lang='lat' dir='ltr'>Chron.</span> <span class='ocrx_word' id='word_1_448' title='bbox 633 4390 656 4454; x_wconf 91' lang='grc'>1,</span> <span class='ocrx_word' id='word_1_449' title='bbox 681 4388 726 4443; x_wconf 84' lang='grc'>15.</span> <span class='ocrx_word' id='word_1_450' title='bbox 1007 4398 1107 4445; x_wconf 91' lang='lat' dir='ltr'>notam</span> <span class='ocrx_word' id='word_1_451' title='bbox 1122 4385 1356 4466; x_wconf 89' lang='lat' dir='ltr'>praecedentem.</span> <span class='ocrx_word' id='word_1_452' title='bbox 1386 4384 1432 4446; x_wconf 80' lang='lat' dir='ltr'>Cf.</span> <span class='ocrx_word' id='word_1_453' title='bbox 1449 4384 1600 4445; x_wconf 87' lang='lat' dir='ltr'>Robinson</span> <span class='ocrx_word' id='word_1_454' title='bbox 1615 4386 1653 4445; x_wconf 88' lang='lat' dir='ltr'>N.</span> <span class='ocrx_word' id='word_1_455' title='bbox 1665 4387 1701 4444; x_wconf 84' lang='lat' dir='ltr'>F.</span> <span class='ocrx_word' id='word_1_456' title='bbox 1720 4406 1747 4464; x_wconf 92' lang='lat' dir='ltr'>p.</span> <span class='ocrx_word' id='word_1_457' title='bbox 1765 4388 1823 4445; x_wconf 91' lang='grc'>733</span> 
     </span>
     <span class='ocr_line' id='line_1_37' title="bbox 206 4479 1124 4556; baseline 0.005 -15"><span class='ocrx_word' id='word_1_458' title='bbox 206 4484 257 4553; x_wconf 93' lang='grc'>91)</span> <span class='ocrx_word' id='word_1_459' title='bbox 280 4480 352 4556; x_wconf 67' lang='lat' dir='ltr'>Spa]</span> <span class='ocrx_word' id='word_1_460' title='bbox 377 4479 577 4541; x_wconf 88' lang='lat' dir='ltr'>Vid.Geues.</span> <span class='ocrx_word' id='word_1_461' title='bbox 600 4481 640 4542; x_wconf 93' lang='lat' dir='ltr'>X.</span> <span class='ocrx_word' id='word_1_462' title='bbox 668 4487 795 4542; x_wconf 85' lang='grc'>15-19.</span> <span class='ocrx_word' id='word_1_463' title='bbox 835 4480 880 4541; x_wconf 83' lang='lat' dir='ltr'>cf.</span> <span class='ocrx_word' id='word_1_464' title='bbox 903 4481 964 4540; x_wconf 87' lang='lat' dir='ltr'>Rit·</span> <span class='ocrx_word' id='word_1_465' title='bbox 1007 4489 1124 4546; x_wconf 82' lang='grc'>-739,</span> 
     </span>
    </p>

    <p class='ocr_par' dir='ltr' id='par_1_10' title="bbox 146 4575 1827 4859">
     <span class='ocr_line' id='line_1_38' title="bbox 146 4575 1825 4661; baseline -0.002 -21"><span class='ocrx_word' id='word_1_466' title='bbox 146 4588 191 4640; x_wconf 80' lang='lat' dir='ltr'>ter</span> <span class='ocrx_word' id='word_1_467' title='bbox 208 4575 302 4636; x_wconf 90' lang='lat' dir='ltr'>XVII</span> <span class='ocrx_word' id='word_1_468' title='bbox 324 4580 377 4653; x_wconf 90' lang='grc'>(1).</span> <span class='ocrx_word' id='word_1_469' title='bbox 397 4583 444 4640; x_wconf 81' lang='grc'>42.</span> <span class='ocrx_word' id='word_1_470' title='bbox 467 4585 513 4640; x_wconf 87' lang='grc'>65.</span> <span class='ocrx_word' id='word_1_471' title='bbox 537 4585 585 4639; x_wconf 85' lang='grc'>94.</span> <span class='ocrx_word' id='word_1_472' title='bbox 611 4585 676 4640; x_wconf 90' lang='grc'>100.</span> <span class='ocrx_word' id='word_1_473' title='bbox 703 4586 768 4644; x_wconf 81' lang='grc'>101.</span> <span class='ocrx_word' id='word_1_474' title='bbox 1069 4589 1121 4655; x_wconf 82' lang='grc'>97)</span> <span class='ocrx_word' id='word_1_475' title='bbox 1144 4586 1268 4661; x_wconf 82' lang='lat' dir='ltr'>quedam</span> <span class='ocrx_word' id='word_1_476' title='bbox 1301 4583 1451 4658; x_wconf 81' lang='lat' dir='ltr'>montana]</span> <span class='ocrx_word' id='word_1_477' title='bbox 1484 4582 1540 4641; x_wconf 86' lang='lat' dir='ltr'>Est</span> <span class='ocrx_word' id='word_1_478' title='bbox 1568 4581 1649 4640; x_wconf 91' lang='lat' dir='ltr'>Iebel</span> <span class='ocrx_word' id='word_1_479' title='bbox 1677 4579 1825 4651; x_wconf 81' lang='lat' dir='ltr'>Scha&#39;mlr,</span> 
     </span>
     <span class='ocr_line' id='line_1_39' title="bbox 209 4675 1827 4767; baseline 0.001 -31"><span class='ocrx_word' id='word_1_480' title='bbox 209 4678 260 4748; x_wconf 80' lang='lat'>92)</span> <span class='ocrx_word' id='word_1_481' title='bbox 285 4675 418 4753; x_wconf 73' lang='lat' dir='ltr'>Genesis]</span> <span class='ocrx_word' id='word_1_482' title='bbox 440 4677 480 4737; x_wconf 91' lang='lat' dir='ltr'>X.</span> <span class='ocrx_word' id='word_1_483' title='bbox 507 4684 551 4739; x_wconf 89' lang='grc'>17,</span> <span class='ocrx_word' id='word_1_484' title='bbox 633 4752 641 4767; x_wconf 76' lang='lat'>.</span> <span class='ocrx_word' id='word_1_485' title='bbox 1008 4682 1032 4741; x_wconf 88' lang='lat' dir='ltr'>si</span> <span class='ocrx_word' id='word_1_486' title='bbox 1062 4684 1193 4761; x_wconf 86' lang='lat' dir='ltr'>sequaris</span> <span class='ocrx_word' id='word_1_487' title='bbox 1220 4682 1351 4741; x_wconf 89' lang='lat' dir='ltr'>tabulam</span> <span class='ocrx_word' id='word_1_488' title='bbox 1378 4681 1621 4761; x_wconf 78' lang='lat' dir='ltr'>geograplricam,</span> <span class='ocrx_word' id='word_1_489' title='bbox 1648 4699 1735 4757; x_wconf 89' lang='lat' dir='ltr'>quam</span> <span class='ocrx_word' id='word_1_490' title='bbox 1757 4678 1827 4738; x_wconf 86' lang='lat' dir='ltr'>Kie-</span> 
     </span>
     <span class='ocr_line' id='line_1_40' title="bbox 209 4775 1703 4859; baseline 0.001 -23"><span class='ocrx_word' id='word_1_491' title='bbox 209 4779 261 4849; x_wconf 88' lang='grc'>93)</span> <span class='ocrx_word' id='word_1_492' title='bbox 282 4776 445 4852; x_wconf 78' lang='lat' dir='ltr'>Syaoclim]</span> <span class='ocrx_word' id='word_1_493' title='bbox 469 4775 634 4850; x_wconf 80' lang='lat' dir='ltr'>Quaeritur,</span> <span class='ocrx_word' id='word_1_494' title='bbox 656 4798 742 4857; x_wconf 91' lang='lat' dir='ltr'>quam</span> <span class='ocrx_word' id='word_1_495' title='bbox 766 4778 867 4838; x_wconf 85' lang='lat' dir='ltr'>urbam</span> <span class='ocrx_word' id='word_1_496' title='bbox 889 4778 966 4837; x_wconf 89' lang='lat' dir='ltr'>dicat</span> <span class='ocrx_word' id='word_1_497' title='bbox 1008 4790 1107 4859; x_wconf 86' lang='lat' dir='ltr'>portus</span> <span class='ocrx_word' id='word_1_498' title='bbox 1130 4781 1237 4840; x_wconf 88' lang='lat' dir='ltr'>adiecit</span> <span class='ocrx_word' id='word_1_499' title='bbox 1259 4782 1342 4840; x_wconf 91' lang='lat' dir='ltr'>alteri</span> <span class='ocrx_word' id='word_1_500' title='bbox 1361 4780 1525 4839; x_wconf 86' lang='lat' dir='ltr'>Robinsoni</span> <span class='ocrx_word' id='word_1_501' title='bbox 1547 4778 1703 4837; x_wconf 84' lang='lat' dir='ltr'>itinerario.</span> 
     </span>
    </p>

    <p class='ocr_par' dir='ltr' id='par_1_11' title="bbox 147 4873 1827 5057">
     <span class='ocr_line' id='line_1_41' title="bbox 147 4873 1826 4957; baseline 0 -25"><span class='ocrx_word' id='word_1_502' title='bbox 147 4873 342 4935; x_wconf 86' lang='lat' dir='ltr'>Burchardus.</span> <span class='ocrx_word' id='word_1_503' title='bbox 1070 4883 1121 4951; x_wconf 86' lang='grc'>99)</span> <span class='ocrx_word' id='word_1_504' title='bbox 1149 4880 1291 4954; x_wconf 63' lang='lat' dir='ltr'>Unanimi</span> <span class='ocrx_word' id='word_1_505' title='bbox 1313 4878 1445 4957; x_wconf 87' lang='lat' dir='ltr'>Populus</span> <span class='ocrx_word' id='word_1_506' title='bbox 1467 4879 1592 4955; x_wconf 80' lang='lat' dir='ltr'>ignotus,</span> <span class='ocrx_word' id='word_1_507' title='bbox 1614 4874 1692 4934; x_wconf 89' lang='lat' dir='ltr'>haud</span> <span class='ocrx_word' id='word_1_508' title='bbox 1708 4876 1767 4934; x_wconf 90' lang='lat' dir='ltr'>scio</span> <span class='ocrx_word' id='word_1_509' title='bbox 1788 4895 1826 4934; x_wconf 88' lang='lat' dir='ltr'>an</span> 
     </span>
     <span class='ocr_line' id='line_1_42' title="bbox 207 4974 1827 5057; baseline -0.001 -23"><span class='ocrx_word' id='word_1_510' title='bbox 207 4976 259 5046; x_wconf 84' lang='grc'>94)</span> <span class='ocrx_word' id='word_1_511' title='bbox 277 4974 426 5049; x_wconf 71' lang='lat' dir='ltr'>planicies</span> <span class='ocrx_word' id='word_1_512' title='bbox 454 4975 572 5051; x_wconf 66' lang='lat' dir='ltr'>magna]</span> <span class='ocrx_word' id='word_1_513' title='bbox 601 4995 679 5033; x_wconf 89' lang='lat' dir='ltr'>nunc</span> <span class='ocrx_word' id='word_1_514' title='bbox 708 4976 737 5034; x_wconf 90' lang='lat' dir='ltr'>la</span> <span class='ocrx_word' id='word_1_515' title='bbox 758 4976 873 5035; x_wconf 86' lang='lat' dir='ltr'>Bokeia</span> <span class='ocrx_word' id='word_1_516' title='bbox 896 4976 965 5047; x_wconf 92' lang='lat' dir='ltr'>(Bu-</span> <span class='ocrx_word' id='word_1_517' title='bbox 1007 4979 1065 5036; x_wconf 90' lang='lat' dir='ltr'>siut</span> <span class='ocrx_word' id='word_1_518' title='bbox 1092 4978 1234 5050; x_wconf 87' lang='lat' dir='ltr'>Nosairii‚</span> <span class='ocrx_word' id='word_1_519' title='bbox 1267 4977 1303 5037; x_wconf 89' lang='lat' dir='ltr'>de</span> <span class='ocrx_word' id='word_1_520' title='bbox 1336 4998 1457 5057; x_wconf 75' lang='lat' dir='ltr'>(prorum</span> <span class='ocrx_word' id='word_1_521' title='bbox 1486 4975 1635 5034; x_wconf 83' lang='lat' dir='ltr'>ferocitate</span> <span class='ocrx_word' id='word_1_522' title='bbox 1669 4974 1704 5035; x_wconf 85' lang='lat' dir='ltr'>cf.</span> <span class='ocrx_word' id='word_1_523' title='bbox 1733 4975 1827 5034; x_wconf 84' lang='lat' dir='ltr'>Ritter</span> 
     </span>
    </p>

    <p class='ocr_par' dir='ltr' id='par_1_12' title="bbox 148 5070 1420 5155">
     <span class='ocr_line' id='line_1_43' title="bbox 148 5070 1420 5155; baseline 0.004 -25"><span class='ocrx_word' id='word_1_524' title='bbox 148 5070 246 5146; x_wconf 81' lang='lat' dir='ltr'>kei&#39;a).</span> <span class='ocrx_word' id='word_1_525' title='bbox 287 5070 636 5149; x_wconf 78' lang='lat' dir='ltr'>cf.Ritte1-xv11(1).</span> <span class='ocrx_word' id='word_1_526' title='bbox 661 5079 729 5135; x_wconf 88' lang='grc'>830.</span> <span class='ocrx_word' id='word_1_527' title='bbox 754 5079 812 5136; x_wconf 87' lang='grc'>838</span> <span class='ocrx_word' id='word_1_528' title='bbox 835 5096 876 5155; x_wconf 84' lang='lat' dir='ltr'>sq.</span> <span class='ocrx_word' id='word_1_529' title='bbox 908 5075 967 5134; x_wconf 89' lang='lat' dir='ltr'>Ro·</span> <span class='ocrx_word' id='word_1_530' title='bbox 1008 5077 1101 5136; x_wconf 87' lang='lat' dir='ltr'>XVII</span> <span class='ocrx_word' id='word_1_531' title='bbox 1125 5082 1167 5151; x_wconf 62' lang='lat' dir='ltr'>il)</span> <span class='ocrx_word' id='word_1_532' title='bbox 1193 5085 1236 5137; x_wconf 80' lang='lat'>15.</span> <span class='ocrx_word' id='word_1_533' title='bbox 1260 5083 1327 5137; x_wconf 87' lang='grc'>979.</span> <span class='ocrx_word' id='word_1_534' title='bbox 1353 5081 1420 5137; x_wconf 93' lang='grc'>993.</span> 
     </span>
    </p>

    <p class='ocr_par' dir='ltr' id='par_1_13' title="bbox 148 5170 1823 5253">
     <span class='ocr_line' id='line_1_44' title="bbox 148 5170 1823 5253; baseline 0.004 -26"><span class='ocrx_word' id='word_1_535' title='bbox 148 5170 254 5230; x_wconf 89' lang='lat' dir='ltr'>binsou</span> <span class='ocrx_word' id='word_1_536' title='bbox 280 5170 319 5231; x_wconf 87' lang='lat' dir='ltr'>N.</span> <span class='ocrx_word' id='word_1_537' title='bbox 342 5170 377 5233; x_wconf 85' lang='lat' dir='ltr'>F.</span> <span class='ocrx_word' id='word_1_538' title='bbox 407 5193 436 5251; x_wconf 91' lang='lat' dir='ltr'>p.</span> <span class='ocrx_word' id='word_1_539' title='bbox 459 5178 515 5232; x_wconf 82' lang='lat'>730</span> <span class='ocrx_word' id='word_1_540' title='bbox 539 5192 582 5252; x_wconf 83' lang='lat' dir='ltr'>aq.</span> <span class='ocrx_word' id='word_1_541' title='bbox 626 5174 668 5230; x_wconf 85' lang='lat' dir='ltr'>Et</span> <span class='ocrx_word' id='word_1_542' title='bbox 696 5174 808 5252; x_wconf 88' lang='lat' dir='ltr'>inspice</span> <span class='ocrx_word' id='word_1_543' title='bbox 834 5174 965 5233; x_wconf 86' lang='lat' dir='ltr'>tabulam</span> <span class='ocrx_word' id='word_1_544' title='bbox 1070 5180 1121 5251; x_wconf 86' lang='grc'>99)</span> <span class='ocrx_word' id='word_1_545' title='bbox 1143 5176 1337 5249; x_wconf 83' lang='lat' dir='ltr'>Anteradaml</span> <span class='ocrx_word' id='word_1_546' title='bbox 1353 5175 1472 5253; x_wconf 90' lang='lat' dir='ltr'>antiqua</span> <span class='ocrx_word' id='word_1_547' title='bbox 1486 5170 1664 5246; x_wconf 84' lang='lat' dir='ltr'>Antarados,</span> <span class='ocrx_word' id='word_1_548' title='bbox 1687 5174 1823 5248; x_wconf 83' lang='lat' dir='ltr'>Tortosa,</span> 
     </span>
    </p>

    <p class='ocr_par' dir='ltr' id='par_1_14' title="bbox 150 5269 1251 5351">
     <span class='ocr_line' id='line_1_45' title="bbox 150 5269 1251 5351; baseline 0.002 -21"><span class='ocrx_word' id='word_1_549' title='bbox 150 5270 377 5351; x_wconf 83' lang='lat' dir='ltr'>geographicam</span> <span class='ocrx_word' id='word_1_550' title='bbox 408 5272 543 5351; x_wconf 85' lang='lat' dir='ltr'>Kieperti</span> <span class='ocrx_word' id='word_1_551' title='bbox 577 5269 615 5329; x_wconf 90' lang='lat' dir='ltr'>ad</span> <span class='ocrx_word' id='word_1_552' title='bbox 648 5272 770 5331; x_wconf 86' lang='lat' dir='ltr'>alterum</span> <span class='ocrx_word' id='word_1_553' title='bbox 802 5272 966 5332; x_wconf 84' lang='lat' dir='ltr'>Robinsoui</span> <span class='ocrx_word' id='word_1_554' title='bbox 1007 5296 1109 5337; x_wconf 89' lang='lat' dir='ltr'>recens</span> <span class='ocrx_word' id='word_1_555' title='bbox 1132 5276 1251 5334; x_wconf 79' lang='lat' dir='ltr'>Tartris.</span> 
     </span>
    </p>

    <p class='ocr_par' dir='ltr' id='par_1_15' title="bbox 149 5369 1827 5545">
     <span class='ocr_line' id='line_1_46' title="bbox 149 5369 1827 5449; baseline 0.002 -23"><span class='ocrx_word' id='word_1_556' title='bbox 149 5370 326 5429; x_wconf 86' lang='lat' dir='ltr'>itinerarium</span> <span class='ocrx_word' id='word_1_557' title='bbox 348 5369 487 5430; x_wconf 90' lang='lat' dir='ltr'>additam.</span> <span class='ocrx_word' id='word_1_558' title='bbox 1074 5380 1142 5449; x_wconf 88' lang='grc'>100)</span> <span class='ocrx_word' id='word_1_559' title='bbox 1170 5374 1326 5448; x_wconf 80' lang='lat' dir='ltr'>Aradium]</span> <span class='ocrx_word' id='word_1_560' title='bbox 1356 5372 1426 5431; x_wconf 88' lang='lat' dir='ltr'>olim</span> <span class='ocrx_word' id='word_1_561' title='bbox 1455 5370 1588 5443; x_wconf 80' lang='lat' dir='ltr'>Aradus,</span> <span class='ocrx_word' id='word_1_562' title='bbox 1621 5392 1699 5431; x_wconf 89' lang='lat' dir='ltr'>nunc</span> <span class='ocrx_word' id='word_1_563' title='bbox 1720 5372 1827 5431; x_wconf 75' lang='lat' dir='ltr'>leniret</span> 
     </span>
     <span class='ocr_line' id='line_1_47' title="bbox 213 5466 1235 5545; baseline 0.002 -15"><span class='ocrx_word' id='word_1_564' title='bbox 213 5474 265 5543; x_wconf 82' lang='grc'>95)</span> <span class='ocrx_word' id='word_1_565' title='bbox 288 5469 401 5545; x_wconf 87' lang='lat' dir='ltr'>Kracl]</span> <span class='ocrx_word' id='word_1_566' title='bbox 431 5487 532 5527; x_wconf 88' lang='lat' dir='ltr'>recens</span> <span class='ocrx_word' id='word_1_567' title='bbox 554 5466 657 5525; x_wconf 89' lang='lat' dir='ltr'>Kal&#39;at</span> <span class='ocrx_word' id='word_1_568' title='bbox 684 5467 821 5527; x_wconf 68' lang='lat' dir='ltr'>alflaan</span> <span class='ocrx_word' id='word_1_569' title='bbox 849 5470 968 5545; x_wconf 80' lang='lat' dir='ltr'>(iinon),</span> <span class='ocrx_word' id='word_1_570' title='bbox 1009 5472 1095 5532; x_wconf 78' lang='lat' dir='ltr'>Ruta</span> <span class='ocrx_word' id='word_1_571' title='bbox 1117 5473 1235 5532; x_wconf 89' lang='lat' dir='ltr'>dictum.</span> 
     </span>
    </p>

    <p class='ocr_par' dir='ltr' id='par_1_16' title="bbox 149 5565 1827 5650">
     <span class='ocr_line' id='line_1_48' title="bbox 149 5565 1827 5650; baseline 0.003 -25"><span class='ocrx_word' id='word_1_572' title='bbox 149 5566 234 5627; x_wconf 76' lang='lat' dir='ltr'>Httsn</span> <span class='ocrx_word' id='word_1_573' title='bbox 262 5567 435 5638; x_wconf 79' lang='lat' dir='ltr'>el·Alrrid,</span> <span class='ocrx_word' id='word_1_574' title='bbox 471 5587 559 5647; x_wconf 90' lang='lat' dir='ltr'>quam</span> <span class='ocrx_word' id='word_1_575' title='bbox 586 5566 690 5625; x_wconf 88' lang='lat' dir='ltr'>Bibars</span> <span class='ocrx_word' id='word_1_576' title='bbox 722 5565 861 5629; x_wconf 88' lang='lat' dir='ltr'>Sultanus</span> <span class='ocrx_word' id='word_1_577' title='bbox 892 5571 971 5650; x_wconf 89' lang='lat' dir='ltr'>cepit</span> <span class='ocrx_word' id='word_1_578' title='bbox 1076 5578 1144 5643; x_wconf 87' lang='grc'>101)</span> <span class='ocrx_word' id='word_1_579' title='bbox 1169 5571 1326 5645; x_wconf 70' lang='lat' dir='ltr'>Ezechieli]</span> <span class='ocrx_word' id='word_1_580' title='bbox 1349 5570 1483 5630; x_wconf 82' lang='lat' dir='ltr'>XXVII.</span> <span class='ocrx_word' id='word_1_581' title='bbox 1510 5577 1555 5630; x_wconf 92' lang='grc'>11.</span> <span class='ocrx_word' id='word_1_582' title='bbox 1590 5568 1692 5630; x_wconf 70' lang='lat' dir='ltr'>(lodex</span> <span class='ocrx_word' id='word_1_583' title='bbox 1714 5567 1757 5630; x_wconf 88' lang='lat' dir='ltr'>St.</span> <span class='ocrx_word' id='word_1_584' title='bbox 1775 5569 1827 5630; x_wconf 87' lang='lat' dir='ltr'>ha·</span> 
     </span>
    </p>

    <p class='ocr_par' dir='ltr' id='par_1_17' title="bbox 150 5664 1658 5750">
     <span class='ocr_line' id='line_1_49' title="bbox 150 5664 1658 5750; baseline 0.004 -27"><span class='ocrx_word' id='word_1_585' title='bbox 150 5685 226 5725; x_wconf 85' lang='lat' dir='ltr'>anno</span> <span class='ocrx_word' id='word_1_586' title='bbox 254 5670 340 5727; x_wconf 81' lang='lat'>1271.</span> <span class='ocrx_word' id='word_1_587' title='bbox 382 5665 449 5727; x_wconf 91' lang='lat' dir='ltr'>Vid.</span> <span class='ocrx_word' id='word_1_588' title='bbox 471 5666 566 5726; x_wconf 87' lang='lat' dir='ltr'>Ritter</span> <span class='ocrx_word' id='word_1_589' title='bbox 587 5664 680 5725; x_wconf 91' lang='lat' dir='ltr'>XVII</span> <span class='ocrx_word' id='word_1_590' title='bbox 701 5669 755 5739; x_wconf 85' lang='grc'>(1).</span> <span class='ocrx_word' id='word_1_591' title='bbox 778 5671 845 5728; x_wconf 91' lang='grc'>837.</span> <span class='ocrx_word' id='word_1_592' title='bbox 1012 5671 1061 5731; x_wconf 85' lang='lat' dir='ltr'>bet</span> <span class='ocrx_word' id='word_1_593' title='bbox 1084 5671 1236 5729; x_wconf 75' lang='lat' dir='ltr'>Ezechieli.</span> <span class='ocrx_word' id='word_1_594' title='bbox 1273 5668 1332 5730; x_wconf 82' lang='lat' dir='ltr'>Sed</span> <span class='ocrx_word' id='word_1_595' title='bbox 1356 5672 1406 5729; x_wconf 88' lang='lat' dir='ltr'>cl&#39;r.</span> <span class='ocrx_word' id='word_1_596' title='bbox 1429 5692 1456 5750; x_wconf 91' lang='lat' dir='ltr'>p.</span> <span class='ocrx_word' id='word_1_597' title='bbox 1480 5674 1517 5730; x_wconf 74' lang='lat'>24</span> <span class='ocrx_word' id='word_1_598' title='bbox 1541 5679 1609 5729; x_wconf 83' lang='lat' dir='ltr'>sect.</span> <span class='ocrx_word' id='word_1_599' title='bbox 1632 5676 1658 5729; x_wconf 88' lang='lat'>5.</span> 
     </span>
    </p>
   </div>
   <div class='ocr_carea' id='block_1_5' title="bbox 0 0 2116 6096">
    <p class='ocr_par' dir='ltr' id='par_1_18' title="bbox 0 0 2116 6096">
     <span class='ocr_line' id='line_1_50' title="bbox 0 0 2116 6096; baseline 0 0"><span class='ocrx_word' id='word_1_600' title='bbox 0 0 2116 6096; x_wconf 95' lang='lat' dir='ltr'> </span> 
     </span>
    </p>
   </div>
  </div>
 </body>
</html>
