4214 6096
999 380 1055 443 135

314 557 428 622 Eoiam
458 568 613 644 quantum
639 559 673 621 in
693 559 915 623 remissionem
942 558 1058 621 iniurie
1086 566 1210 621 tantum
1240 577 1295 620 eos
1319 554 1492 619 Sarraceni
1513 554 1690 619 excedunt!
1721 553 1863 618 Occisio·
1884 544 1914 659 ξς

191 696 264 738 nem
285 694 363 737 vero
386 672 479 737 multi
501 694 610 737 eorum
633 674 680 737 sic
703 672 879 738 abhorrent
892 674 957 749 ¹⁹⁶),
980 672 1066 758 quod
1089 670 1274 736 occiderent
1291 693 1352 735 nec
1372 669 1527 755 gallinam
1549 691 1608 735 neo
1632 669 1787 755 pulicem,
1807 667 1865 733 sed

193 787 321 876 quando
351 787 462 852 volunt
489 787 656 851 comedere
683 787 858 873 gallinam,
887 798 998 852 tenent
1023 810 1095 852 eam
1122 789 1155 850 in
1175 785 1324 850 manibus
1345 786 1454 849 viuam
1486 788 1519 849 in
1540 787 1595 849 via
1617 795 1648 849 et
1668 793 1786 869 rogant
1808 782 1864 847 ali-

192 925 288 988 quem
310 903 350 968 de
371 902 561 984 viatoribus,
584 912 619 966 vt
641 926 712 967 eam
733 903 863 968 occidat
877 904 941 978 ¹⁹⁶).
976 903 1049 967 Hoc
1068 904 1192 967 faciunt
1212 901 1393 982 Sarraceni,
1416 903 1471 987 qui
1492 911 1599 964 tamen
1619 900 1722 985 legem
1744 898 1865 963 habent
1884 911 1915 961 16

193 1020 379 1100 occisionis,
400 1028 651 1105 propterquam
672 1019 794 1104 legem,
820 1029 855 1082 vt
878 1017 985 1093 duret,
1016 1017 1163 1082 omnibus
1186 1015 1338 1102 periculis
1362 1018 1566 1079 securissime
1587 1038 1622 1079 se
1644 1025 1811 1100 exponunt
1834 1024 1865 1076 et

192 1145 320 1199 strenue
342 1143 497 1220 pugnant,
520 1145 551 1197 θῖ
575 1135 621 1197 sio
643 1134 781 1198 fideliter
802 1136 836 1198 in
861 1156 970 1220 pugna
991 1155 1024 1197 se
1046 1135 1186 1196 inuicem
1209 1132 1374 1213 adiuuant,
1396 1141 1432 1195 vt
1452 1131 1506 1196 lex
1529 1153 1639 1196 eorum
1663 1129 1762 1194 duret.
1796 1129 1863 1193 Ha·
1884 1137 1914 1185 Π

192 1249 338 1325 bentwo
358 1250 458 1329 enim,
490 1248 574 1336 quod
596 1260 662 1312 tam
685 1249 739 1312 diu
762 1249 892 1314 durabit
910 1251 964 1325 199)
985 1249 1040 1312 lex
1062 1271 1189 1329 eorum,
1217 1270 1312 1334 quam
1340 1246 1395 1311 diu
1416 1249 1519 1311 virtus
1541 1258 1573 1311 et
1594 1247 1732 1310 victoria
1755 1267 1864 1308 eorum

192 1364 326 1431 durabit
345 1386 404 1451 per
425 1387 544 1428 ensem.
587 1364 647 1428 Est
667 1366 750 1428 enim
770 1364 824 1428 lex
847 1365 1003 1445 violenta,
1031 1375 1067 1428 vt
1089 1365 1223 1428 inferius
1244 1362 1378 1449 patebit.
1421 1363 1563 1442 Quidam
1587 1362 1787 1426 Sarracenus
1810 1382 1864 1423 no·
1883 1337 1915 1455 ¹,3

192 1483 278 1546 mine
300 1479 458 1545 Monchor
486 1481 520 1542 in
546 1479 686 1563 quodam
714 1479 796 1544 duro
825 1479 933 1562 bello,
963 1480 1049 1567 quod
1071 1481 1132 1544 fuit
1152 1482 1238 1543 inter
1260 1468 1457 1544 Sarracenos
1480 1488 1512 1542 et
1535 1478 1753 1556 Christianos,
1783 1475 1866 1539 vidit

193 1596 353 1681 quendam
383 1595 480 1660 alium
503 1594 717 1659 Sarracenum
746 1597 933 1680 probiorem
963 1619 997 1661 se
1027 1595 1185 1659 deiectum
1214 1595 1254 1659 de
1283 1617 1381 1681 equo,
1415 1606 1447 1657 et
1474 1594 1616 1658 instabat
1644 1595 1672 1657 ei
1704 1614 1791 1655 mors
1813 1591 1864 1654 vel

193 1714 376 1801 captiuacio
400 1735 419 1776 a
443 1711 645 1791 Christianis,
667 1724 698 1774 et
720 1713 830 1775 statim
851 1712 1018 1777 deseendit
1041 1711 1080 1775 de
1103 1734 1160 1775 suo
1184 1735 1265 1798 equo
1287 1722 1318 1774 θῖ
1341 1712 1400 1774 ait:
1427 1709 1598 1791 „Ascendo
1620 1730 1736 1794 equum
1758 1728 1863 1770 meum

192 1842 225 1894 ct
244 1829 330 1914 fuge,
351 1829 428 1912 quia
448 1827 552 1889 maius
571 1825 749 1910 dampnum
772 1838 857 1891 esset
879 1830 904 1891 si
929 1826 1087 1892 occideris
1111 1827 1162 1891 vel
1186 1829 1362 1913 captiuaris
1373 1877 1380 1907 ,
1410 1848 1505 1911 quarn
1527 1824 1567 1887 de
1589 1825 1672 1887 me.“
1715 1823 1810 1902 Quod
1834 1833 1915 1887 etto

191 1945 278 2026 fecit,
300 1955 332 2007 et
353 1944 466 2023 euasit,
490 1953 521 2004 et
543 1941 596 2005 illc
616 1942 676 2005 fuit
698 1953 812 2028 captus
835 1965 894 2028 pro
915 1965 952 2006 eo
973 1944 1006 2005 in
1029 1943 1124 2008 bello.
1167 1944 1260 2007 Alius
1281 1954 1404 2020 autern,
1429 1942 1482 2026 qui
1504 1942 1536 2003 in
1560 1963 1640 2023 equo
1663 1941 1732 2002 eius
1754 1961 1863 2003 euase·
1883 1952 1912 2000 ‘21

193 2072 255 2141 rat,
277 2060 336 2123 fuit
357 2060 461 2123 factus
477 2056 648 2140 Soldanus,
674 2070 705 2121 et
725 2057 877 2121 liberauit
898 2081 971 2122 eum
994 2058 1034 2122 dc
1057 2080 1187 2122 carcere
1212 2071 1242 2122 et
1257 2057 1400 2121 reddidit
1417 2079 1476 2141 pro
1490 2078 1527 2119 eo
1544 2055 1738 2120 Christianis
1753 2077 1863 2139 regern

192 2177 364 2256 Armenia,
394 2196 488 2260 quern
516 2171 687 2236 Sarraccni
715 2173 870 2237 tenebant
891 2175 924 2237 in
951 2196 1089 2239 carcere.
1135 2175 1221 2238 Eece
1250 2183 1372 2260 quanta
1399 2171 1573 2235 concordia
1594 2171 1677 2233 inter
1699 2169 1783 2233 filios
1805 2171 1862 2232 ini·
1882 2188 1914 2237 12

196 2293 342 2379 quitatis3
364 2312 438 2355 cece
459 2300 580 2376 quanta
600 2289 724 2351 faciunt
745 2297 777 2351 et
799 2289 916 2375 qualia,
939 2303 975 2354 vt
998 2290 1092 2355 duret
1114 2290 1167 2354 lex
1189 2289 1387 2376 perdicionis
1409 2310 1528 2369 eorum,
1552 2298 1587 2350 vt
1610 2287 1736 2372 possint
1756 2283 1864 2347 dicere

196 2406 368 2472 sarraceni
393 2405 587 2471 Christianis
602 2406 671 2479 ¹9⁹):
696 2409 870 2481 „Erubesca
893 2409 993 2483 Sidon,
1017 2411 1061 2467 ait
1081 2412 1204 2468 marel“

319 2554 515 2641 Supradicta
547 2565 652 2617 autem
680 2577 745 2617 non
772 2557 977 2619 narrauimus
1006 2555 1049 2618 ad
1076 2555 1392 2619 commendacionem
1425 2553 1694 2631 Sarracenorurn,
1733 2549 1791 2614 sed
1822 2549 1865 2613 ad
1882 2570 1913 2619 aa

195 2672 413 2738 confusionem
435 2669 707 2749 Christianorum,
736 2671 789 2757 qui
811 2670 922 2735 nolunt
943 2671 1050 2734 secere
1070 2693 1128 2754 pro
1150 2670 1222 2754 lege
1244 2672 1324 2749 vite,
1354 2668 1440 2754 quod
1469 2668 1638 2753 dampnati
1660 2668 1782 2730 faciunt
1804 2689 1863 2752 pro

191 2789 263 2875 lege
284 2788 406 2851 mortis.

653 2981 760 3048 XXX.
805 2983 867 3046 DE
886 2983 1008 3048 LEGE
1030 2982 1401 3049 SARRACENORUM.

318 3133 420 3197 Porro
448 3130 488 3193 de
515 3129 586 3215 lege
617 3130 869 3195 Sarracenorum
900 3132 1022 3217 aliquid
1051 3132 1102 3196 vel
1132 3132 1191 3195 sub
1219 3132 1377 3196 breuitate
1406 3155 1572 3218 ponamus.
1623 3131 1745 3197 Contra
1764 3103 1895 3219 quam}

196 3248 360 3314 sciendum
389 3259 452 3328 est,
484 3245 570 3331 quod
591 3245 644 3309 lex
666 3245 919 3311 Sarracenorum
941 3258 990 3311 cst
1010 3247 1121 3333 larga,
1145 3248 1292 3328 confusa,
1316 3247 1460 3331 occulta,
1492 3247 1759 3326 mendacissima,
1781 3246 1861 3308 irra-

196 3363 364 3430 cionabilis
389 3373 420 3425 θῖ
450 3361 600 3426 violenta.
643 3362 754 3426 Primo
784 3362 913 3449 quidem
943 3374 992 3426 cst
1016 3362 1123 3449 larga,
1156 3365 1291 3428 veniens
1319 3378 1384 3427 tam
1417 3375 1531 3428 contra
1553 3363 1701 3449 regulam
1723 3360 1897 3447 philosot

195 3480 330 3567 phorum
352 3477 473 3559 mundi,
496 3479 551 3564 qui
574 3477 694 3560 dicunt,
718 3479 804 3563 quod
827 3478 958 3542 difficile
980 3489 1029 3542 θεῖ
1051 3481 1180 3565 operari
1205 3480 1378 3544 secundum
1404 3483 1569 3560 virtutem,
1600 3480 1683 3543 sicut
1704 3480 1864 3563 attingere

195 3610 338 3660 centrum
370 3596 404 3657 in
433 3593 552 3658 circulo
581 3605 613 3657 et
642 3606 811 3678 pereutere
833 3596 959 3680 signum
984 3596 1121 3680 sagitta,
1151 3618 1247 3682 quam
1271 3597 1374 3660 eciam
1395 3607 1509 3660 contra
1530 3594 1675 3680 regulam
1697 3595 1813 3658 summi
1833 3604 1865 3657 et

194 3710 344 3776 altissimi
366 3709 569 3797 philosophi,
599 3709 722 3774 seilicet
744 3709 883 3789 Christi,
911 3713 965 3796 qui
989 3711 1082 3793 dicit,
1112 3712 1198 3798 quod
1226 3722 1297 3776 arta
1318 3724 1366 3775 cst
1388 3712 1456 3793 via,
1487 3733 1548 3798 que
1577 3711 1666 3774 ducit
1688 3710 1730 3774 ad
1752 3711 1863 3773 vitam.

192 3827 276 3891 Nam
299 3826 338 3890 de
361 3827 554 3889 necessitate
577 3825 690 3889 salutis
712 3838 844 3890 nonest
868 3829 913 3890 cis
936 3826 1069 3913 aliquid,
1092 3830 1155 3891 nisi
1177 3826 1262 3915 quod
1281 3826 1407 3890 dicant:
1429 3827 1524 3909 „Non
1539 3838 1587 3891 est
1602 3827 1680 3890 deus
1695 3826 1757 3889 nisi
1773 3826 1863 3890 Deus
1881 3846 1897 3896 4

193 3954 225 4007 et
245 3941 468 4006 Machometus
497 3943 633 4004 nuncius
655 3940 750 4004 Deif‘
793 3942 919 4007 Tenent
947 3944 1047 4028 igitur
1070 3945 1280 4007 communiter
1304 3942 1492 4025 Sarraceni,
1520 3942 1656 4029 quodsi
1679 3941 1781 4005 solum
1802 3941 1896 4009 hoca

193 4058 271 4123 dicit
289 4056 499 4140 Sarracenos,
520 4056 706 4133 saluabitur,
730 4059 861 4121 ceiamsi
884 4061 993 4121 omnia
1015 4071 1151 4144 peccata
1172 4059 1212 4122 de
1234 4059 1353 4123 mundo
1375 4059 1504 4124 faceret.
1541 4060 1635 4124 Licet
1656 4060 1741 4122 enim
1762 4057 1862 4121 multa
1881 4072 1896 4121 6

191 4173 255 4239 alia
274 4182 435 4260 ponantur
458 4183 489 4236 ct
511 4172 702 4236 mandentur
724 4176 758 4236 in
778 4173 848 4257 lege
870 4175 1025 4258 ipsorum,
1047 4174 1171 4238 scilicet
1193 4176 1226 4238 in
1248 4175 1411 4257 alcorano,
1434 4187 1542 4239 tamen
1564 4173 1860 4260 transgressoribus

190 4289 279 4354 nulla
300 4289 452 4374 pena²⁰⁰)
473 4289 505 4352 in
529 4287 593 4352 alia
615 4292 682 4353 vita
704 4289 847 4353 debetur.
884 4289 927 4354 Et
949 4291 1134 4371 notandum,
1158 4290 1244 4376 quod
1266 4290 1345 4354 illud
1366 4291 1510 4372 verbum,
1533 4291 1617 4377 quod
1641 4290 1895 4355 Machometust

190 4407 282 4493 ponit
301 4406 334 4468 in
357 4403 523 4481 alcoran0,
547 4405 658 4485 eredo,
689 4404 761 4490 plus
784 4427 880 4490 quam
903 4417 1030 4469 centum
1054 4405 1197 4470 vicibus:
1231 4408 1325 4488 „Non
1347 4420 1396 4471 est
1418 4407 1496 4471 deus
1517 4408 1580 4470 nisi
1604 4407 1725 4486 Deus“,
1751 4426 1861 4468 conee-

192 4522 278 4587 ditur
298 4520 340 4585 ab
361 4522 447 4584 omni
471 4530 567 4584 secta.
611 4522 694 4584 Nam
717 4521 756 4584 de
779 4523 865 4585 omni
888 4544 923 4583 ro
946 4524 1009 4585 ista
1030 4524 1215 4608 proposicio
1238 4534 1286 4586 θεῖ
1307 4544 1386 4587 vera
1407 4523 1610 4609 simpliciter:
1637 4528 1726 4601 „Noa
1748 4533 1791 4581 est
1814 4540 1897 4589 crs-a

190 4642 238 4700 nia
266 4640 326 4699 nisi
355 4639 455 4710 cassim
490 4659 548 4697 noa
576 4650 618 4698 est
641 4661 729 4718 equus
749 4642 809 4698 nisi
831 4645 937 4717 equus“
961 4649 1037 4720 ete.;
1065 4640 1127 4724 ipsi
1156 4650 1263 4702 tamen
1286 4638 1458 4704 Sarraceni
1479 4639 1591 4702 volunt
1613 4637 1737 4717 dicere,
1766 4635 1862 4722 quod,

192 4755 275 4818 sicut
292 4753 356 4816 ista
378 4774 436 4837 per
460 4774 494 4815 se
516 4775 595 4815 vera
618 4763 680 4815 est:
715 4759 801 4829 „Noa
824 4768 866 4815 est
888 4760 956 4815 deas
979 4758 1038 4815 nisi
1058 4759 1167 4830 Deaa⁸‘,
1190 4756 1236 4818 ita
1258 4767 1290 4820 et
1317 4757 1396 4818 ista:
1426 4761 1644 4831 „ellaclrometua
1672 4765 1714 4813 est
1735 4756 1862 4813 nuncius

191 4873 274 4932 Dei.“
317 4866 383 4931 Sed
406 4880 557 4953 quantam
578 4869 727 4932 iniuriam
753 4869 875 4932 faciunt
897 4871 1025 4932 veritati
1048 4869 1267 4954 philosophie,
1290 4873 1344 4958 qui
1364 4873 1455 4934 iuxta
1476 4870 1737 4956 proposicioncm
1759 4870 1895 4941 veris-9

192 4986 307 5049 simam
330 4994 454 5069 ponunt
476 4985 737 5068 proposicioncm
759 4983 988 5066 falsissimam,
1020 4996 1051 5048 et
1072 4998 1225 5069 quantam
1250 4988 1403 5051 iniuriam
1426 4988 1550 5050 faciunt
1570 4985 1661 5066 Deo,
1691 4986 1746 5070 qui
1767 4985 1862 5048 iuxta

191 5102 360 5165 veritatem
383 5099 447 5162 Dei
479 5109 603 5184 ponunt
623 5099 793 5163 mendacia
814 5113 846 5164 et
864 5101 1037 5165 falsitatem
1059 5099 1269 5184 Machometi,
1298 5103 1432 5187 quilibet
1458 5104 1589 5187 sapiens
1617 5112 1723 5188 potest
1747 5123 1806 5186 per
1829 5123 1863 5164 se

192 5217 301 5302 ipsum
323 5215 502 5279 aduertere.
544 5213 589 5277 Et
610 5214 671 5278 hoe
693 5214 837 5280 (licentes
861 5215 964 5280 solum
989 5216 1122 5280 credunt
1146 5216 1273 5282 saluari.
1318 5218 1378 5282 Est
1399 5219 1498 5303 igitur
1517 5218 1570 5282 lex
1591 5218 1693 5304 larga.
1737 5217 1781 5281 Εῖ
1802 5218 1863 5282 hoc
1882 5180 1913 5311 ¹¹⁰

1884 5316 1913 5365 12

256 5439 324 5508 195)
345 5436 396 5491 Ita
419 5432 455 5493 G.
478 5454 652 5515 quamquam
674 5437 834 5514 praecessit
858 5438 908 5497 sic.
1112 5440 1179 5509 198)
1198 5439 1327 5495 durabat
1347 5435 1384 5496 G.

255 5536 325 5607 196)
346 5535 483 5591 occidant
504 5531 540 5594 G.
1111 5540 1179 5609 199)
1201 5534 1268 5595 Vid.
1291 5536 1402 5595 lessies
1424 5534 1546 5595 XXIII.
1569 5544 1596 5598 1.

256 5635 325 5702 197)
346 5632 475 5706 Habent}
498 5641 608 5711 putant.
1109 5639 1178 5705 200)
1199 5635 1287 5711 praa]
1311 5655 1414 5712 poena.
