4214 6096
1002 355 1042 416 25

193 534 343 589 tracones
363 536 395 589 et
416 528 590 611 piramides
613 530 792 610 mirabiles,
823 553 959 617 quarum
981 535 1119 619 uestigia
1143 544 1174 600 et
1195 537 1288 600 ruine
1310 535 1415 601 adhuc
1437 537 1596 621 uidentur,
1618 536 1694 603 illue
1716 537 1855 604 ductam.

194 638 265 719 Que
288 642 397 705 omnia
418 643 552 707 circuiui
574 656 605 710 et
626 645 727 711 oculis
749 648 829 711 meis
849 647 927 711 uidi.

318 754 442 821 Ciuitas
462 763 613 837 Tyr-usta
637 761 757 827 dicitur
777 785 796 827 a
819 762 1038 847 Thiras²)⁴⁵),
1067 765 1134 831 filio
1156 766 1287 854 Iaphet‚
1315 777 1500 833 constructa
1523 780 1595 855 post
1616 768 1782 835 diluuium.
1824 771 1856 834 A

192 868 348 953 Phenice,
380 883 415 937 ut
436 874 557 939 dictum
585 887 634 941 est
656 900 755 964 supra
769 882 830 962 ⁴⁶),
859 880 1055 964 instaurata,
1084 882 1272 969 metropolis
1291 882 1444 948 Phenicie
1467 894 1516 948 θεῖ
1537 885 1660 949 effecta.
1701 885 1854 971 Magnum

192 983 291 1050 habet
311 1010 475 1054 murorum
496 991 661 1074 ambitum,
683 1004 715 1057 et
736 1017 807 1060 meo
829 994 948 1061 iudicio
971 999 1074 1061 maior
1096 1008 1144 1061 est
1165 999 1295 1063 ciuitate
1310 1001 1491 1080 acconensi,
1513 1001 1650 1065 formam
1668 1000 1791 1065 habens
1806 1023 1856 1065 ro·

192 1101 335 1185 tundam,
358 1106 420 1168 sita
440 1106 473 1169 in
495 1106 593 1172 corde
613 1111 712 1174 maris
733 1111 767 1173 in
788 1133 869 1197 rupe
890 1110 1064 1175 durissima
1086 1123 1117 1175 et
1133 1111 1274 1199 undique
1289 1116 1371 1178 mari
1387 1114 1597 1197 circumdata,
1620 1118 1683 1180 nisi
1703 1119 1736 1180 in
1751 1116 1856 1180 fronte

193 1219 335 1284 cirritatis
362 1231 473 1286 eontra
505 1224 674 1307 orientem,
702 1224 757 1290 ubi
787 1227 924 1312 primos)
948 1226 1247 1294 Nabuchodonosor
1274 1240 1305 1294 et
1334 1240 1449 1316 postea
1469 1231 1657 1295 Alexander
1666 1238 1691 1307 e)
1713 1231 1857 1294 fecerunt

193 1355 263 1397 eam
285 1338 469 1422 contiguam
491 1349 585 1423 terre,
609 1350 762 1426 quantum
784 1342 889 1405 iactus
910 1350 960 1405 est
981 1341 1108 1429 lapidIs.
1148 1343 1213 1408 Ubi
1235 1347 1339 1409 cincta
1363 1357 1410 1410 est
1432 1346 1552 1433 triplici
1560 1354 1584 1424 d)
1608 1348 1759 1424 muro⁴⁷)‚
1780 1346 1857 1411 forti

193 1460 225 1513 et
251 1449 332 1534 alto,
355 1465 385 1516 et
407 1454 506 1518 XXV
527 1455 626 1542 pedes
648 1457 762 1542 spisso.
807 1457 871 1537 Qui
893 1459 996 1522 eciam
1016 1460 1149 1535 muri⁴⁸l
1173 1462 1287 1525 muniti
1310 1472 1383 1527 sunt
1411 1460 1553 1526 turribus
1576 1461 1641 1526 XII
1661 1463 1855 1543 fortissimis,

194 1565 309 1653 quibus
329 1568 362 1632 in
382 1569 530 1634 omnibus
550 1570 660 1635 mundi
684 1573 831 1657 partibus
860 1596 911 1639 me
930 1573 1052 1638 uidisse
1071 1598 1135 1639 non
1156 1576 1263 1643 recolo
1286 1577 1445 1643 meliores.
1488 1577 1562 1664 Hijs
1590 1579 1691 1641 eciam
1712 1575 1857 1642 turribus

193 1684 396 1748 continuatur
424 1707 485 1749 arx
513 1687 684 1765 ciuitatise)
712 1689 780 1753 siue
808 1700 950 1754 castrum
971 1692 1219 1756 munitissimum
1241 1704 1272 1756 et
1291 1696 1324 1756 in
1345 1715 1427 1780 rupe
1454 1695 1488 1758 in
1511 1693 1607 1759 corde
1628 1694 1727 1758 maris
1751 1694 1856 1773 situm,

193 1800 351 1864 munitum
380 1802 482 1865 eciam
504 1800 646 1866 turribus
668 1814 699 1867 et
720 1804 856 1889 palaciis
877 1806 1070 1870 fortissimis.
1110 1808 1216 1886 Quam
1245 1830 1435 1895 expugnare
1462 1833 1527 1875 non
1554 1809 1652 1874 debet
1673 1810 1787 1873 merito
1809 1818 1856 1871 to-

193 1927 245 1981 tus
267 1916 415 1983 mundus.
457 1916 557 1982 Illulte
579 1920 706 1983 suntin
729 1922 859 1985 ciuitate
880 1922 944 1986 ista
964 1921 1109 2010 reliquie,
1132 1924 1214 1988 sicut
1236 1923 1397 2010 colligitur
1420 1948 1462 1990 ex
1479 1925 1615 1990 historia
1636 1924 1856 1989 ecclesiastica

192 2032 233 2097 de
253 2032 439 2097 martiribus
462 2033 521 2099 sub
544 2033 747 2100 Diocletiano
760 2037 801 2114 49)
823 2036 868 2101 ibi
891 2040 1016 2123 passis,
1050 2060 1183 2124 quorum
1215 2062 1365 2104 numerus
1388 2049 1437 2103 est
1459 2040 1519 2107 soli
1540 2041 1612 2106 Deo
1633 2051 1737 2105 notus.
1781 2039 1855 2105 ori·

192 2170 291 2235 genes
323 2148 442 2213 ibidem
468 2151 502 2213 in
531 2150 668 2216 ecclesia
697 2154 800 2217 sancti
830 2153 968 2238 sepulcri
989 2156 1162 2240 requiescit
1196 2158 1227 2220 in
1256 2178 1347 2220 muro
1375 2155 1553 2222 conclusus.
1604 2157 1703 2223 Cuius
1730 2155 1856 2220 titulum

192 2264 313 2330 ibidem
335 2263 412 2330 uidi.
456 2264 538 2330 Sunt
557 2265 602 2329 ibi
626 2264 792 2353 columpne
813 2291 991 2334 marmoree
1013 2279 1045 2334 et
1065 2270 1200 2336 aliorum
1222 2272 1366 2358 lapidum
1387 2281 1455 2337 tarn
1478 2294 1612 2358 magne,
1634 2271 1719 2359 quod
1742 2283 1856 2356 stupor

190 2391 240 2445 est
261 2380 382 2445 uidere.

316 2495 415 2590 Sedes
443 2496 728 2582 archiepiscopalis
756 2507 805 2561 est
832 2499 866 2563 in
893 2501 957 2563 ista
988 2502 1128 2565 ciuitate.
1170 2502 1215 2567 Et
1240 2512 1290 2567 est
1322 2501 1509 2590 metropolis
1536 2502 1707 2585 Phenicie,
1734 2500 1856 2566 habens

194 2611 415 2695 suffraganeos
436 2610 639 2694 beritenscm,
659 2610 862 2677 sidonensem
884 2626 915 2679 et
936 2638 1148 2681 acconensem
1170 2620 1351 2707 episcopos.
1387 2620 1431 2684 Et
1452 2618 1635 2683 extenditur
1657 2620 1720 2682 ista
1741 2629 1856 2682 metro-

193 2726 276 2813 polis
300 2747 402 2812 usque
423 2727 466 2791 ad
488 2726 619 2795 Petram
640 2729 787 2811 incisam,
812 2739 847 2793 ut
867 2730 988 2796 dictum
1009 2736 1120 2815 est⁵⁰),
1142 2736 1210 2799 siue
1233 2734 1384 2800 Castrum
1403 2737 1656 2821 peregrinorum.

319 2842 441 2908 Decem
463 2843 577 2908 diebus
599 2844 645 2908 fui
665 2847 698 2909 in
719 2867 775 2928 ea,
802 2853 834 2910 et
854 2847 1000 2933 pluribus
1022 2849 1147 2915 uicibus
1178 2849 1249 2915 aliis
1269 2850 1473 2916 consideraui
1494 2873 1565 2914 eam
1592 2859 1744 2937 quantum
1767 2851 1856 2936 potui

192 2959 369 3046 diligenter.

315 3077 400 3141 Ante
421 3085 548 3163 portam
571 3076 638 3140 eius
659 3077 846 3143 orientalem
869 3079 912 3142 ad
933 3081 1052 3144 iactum
1075 3081 1211 3146 duarum
1234 3084 1425 3169 sagittarum
1447 3084 1530 3146 inter
1549 3105 1664 3146 arenas
1680 3081 1858 3147 ostenditur
1876 3082 1892 3131 θ

196 3201 275 3257 locus
292 3195 515 3272 predicacionis
535 3197 624 3255 Iliesu
649 3197 761 3255 Christi
767 3246 775 3273 ,
801 3194 858 3258 ubi
879 3195 994 3260 extulit
1014 3220 1123 3262 uocem
1147 3197 1263 3263 mulier
1283 3197 1323 3262 de
1343 3198 1458 3281 turba,
1479 3199 1604 3263 dicens:
1633 3205 1765 3277 „Beatus
1788 3222 1857 3261 uen-

196 3324 249 3391 ter,
272 3315 322 3391 qui
343 3322 369 3370 te
387 3312 544 3387 portauit“
559 3310 600 3385 51)
621 3319 689 3389 ete,
711 3319 742 3372 et
765 3308 848 3396 lapis
870 3334 1017 3398 magnus,
1039 3314 1074 3376 in
1094 3336 1156 3400 quo
1179 3325 1254 3379 tunc
1277 3314 1385 3379 stabat
1402 3315 1514 3379 lhesus
1530 3313 1687 3380 Christus.
1731 3314 1797 3394 Qui
1813 3314 1858 3380 lo·

195 3448 250 3490 cus
271 3447 434 3511 nunquam
456 3446 556 3489 arena
577 3426 732 3510 operitur,
755 3447 826 3490 cum
847 3438 954 3491 tamen
973 3450 1073 3492 arena
1097 3428 1153 3492 illa
1173 3429 1253 3494 leuis
1276 3431 1320 3494 sit
1339 3439 1370 3494 et
1391 3428 1542 3511 uolatilis‚
1567 3433 1650 3494 sicut
1662 3432 1695 3493 in
1709 3430 1857 3516 partibus

194 3540 369 3607 occidentis
391 3544 453 3616 ets)
475 3539 635 3627 aquilonis
657 3542 714 3603 nix
737 3539 846 3606 uolare
868 3546 1033 3608 consueuit
1054 3557 1202 3632 tempore
1223 3546 1337 3610 hiemis
1360 3555 1392 3609 et
1413 3544 1551 3609 tumulos
1571 3545 1678 3610 facere
1700 3549 1787 3611 circa
1810 3570 1857 3610 εθ-

196 3680 252 3744 pes
274 3667 305 3722 et
332 3655 403 3721 loca
434 3656 552 3721 similia
573 3656 714 3742 impulsu
736 3658 832 3722 ruenti.
874 3658 939 3723 Iste
970 3661 1054 3723 enim
1074 3660 1163 3725 locus
1185 3663 1217 3726 in
1240 3661 1346 3726 medio
1354 3668 1378 3737 ⁸>
1407 3683 1578 3725 arenarum
1605 3683 1732 3748 semper
1753 3661 1858 3726 nudus

195 3784 359 3859 permanet
380 3783 411 3836 et
432 3782 534 3836 estate
557 3784 588 3836 θῖ
609 3772 724 3851 hieme,
749 3775 832 3837 sicut
853 3773 953 3839 oculis
974 3776 1053 3839 meis
1073 3775 1151 3839 uidi.

315 3888 375 3957 Est
397 3890 499 3952 eciam
528 3889 561 3951 in
585 3887 696 3952 eodem
718 3887 788 3953 loco
812 3895 967 3968 columpna
990 3890 1129 3976 quedam
1151 3891 1360 3978 perlongum
1383 3902 1505 3974 strata,
1533 3892 1605 3965 ubi,
1626 3894 1708 3957 sicut
1729 3893 1890 3976 dieitur,7

194 4004 322 4089 quidam
346 4005 508 4090 peregrini
530 4003 638 4067 locum
661 4003 748 4067 illum
770 4006 937 4068 uisitantes
960 4027 979 4068 a
1001 4005 1191 4070 Sarracenis
1212 4007 1440 4072 insidiantibus
1460 4008 1588 4072 fuerunt
1611 4009 1781 4073 interfecti.

314 4121 370 4208 Del
388 4120 476 4206 Tyro
500 4119 542 4183 ad
564 4128 631 4183 tres
652 4117 759 4183 leucas
780 4119 925 4183 modicas
940 4132 1053 4185 contra
1075 4121 1257 4208 aquilonem
1272 4122 1389 4189 fluuius
1412 4128 1586 4186 Eleutheros
1598 4124 1639 4201 52)
1654 4125 1755 4189 intrat
1771 4147 1860 4189 mare
1879 4132 1894 4182 ⁸

260 4303 287 4372 ε)
304 4300 417 4367 atlprao
426 4300 489 4367 filie
508 4298 548 4353 St.
566 4318 584 4352 a
603 4306 677 4367 tyras
687 4300 753 4365 filio
771 4298 795 4353 h.
815 4330 847 4338 —
874 4300 902 4373 b)
921 4300 968 4354 ubi
987 4318 1046 4354 aaut
1064 4300 1152 4370 primo
1172 4301 1211 4356 St
1249 4303 1303 4356 Sed
1321 4302 1392 4358 idern
1410 4311 1523 4373 postea:
1546 4304 1672 4359 fecerunt
1691 4323 1749 4360 earu
1770 4307 1857 4361 couti-

324 4400 417 4454 girans
435 4414 466 4423 -
486 4392 512 4453 θ)
529 4383 689 4436 allexander
706 4382 809 4450 passim
827 4386 867 4438 s't.
887 4415 916 4422 —
938 4382 966 4453 d)
985 4384 1161 4452 triplicium.
1181 4384 1229 4452 St,
1247 4386 1293 4439 sed
1315 4385 1418 4442 habent
1437 4388 1515 4443 codd.
1534 4389 1636 4443 vratisl.
1655 4422 1688 4429 —
1716 4389 1742 4459 θ)
1761 4391 1863 4443 elicitas

327 4466 368 4524 St.
387 4469 510 4522 ciuitatis
527 4465 553 4519 h.
573 4496 602 4504 -
622 4463 646 4531 f)
664 4472 689 4518 et
705 4482 757 4519 orn.
776 4464 825 4535 St,
843 4465 928 4521 habet
944 4465 972 4521 lr.
990 4495 1024 4505 -
1041 4476 1070 4537 g)
1088 4469 1179 4522 merliu
1196 4468 1236 4523 St.
1252 4472 1342 4525 medlo
1360 4471 1385 4524 h.

252 4646 303 4716 44)
328 4640 435 4717 Tyrus]
458 4639 495 4701 V.
514 4639 607 4697 Ritter
627 4637 721 4697 XVII
743 4640 793 4711 (1).
815 4642 985 4699 tro-345.
1045 4643 1112 4711 345,
1134 4642 1182 4719 qui
1204 4662 1279 4720 quae
1303 4645 1332 4702 in
1355 4645 1502 4706 Brocardo
1524 4668 1575 4707 suo
1599 4649 1683 4725 legit,
1711 4646 1739 4702 in
1762 4653 1860 4701 nostro

252 4744 303 4814 45)
327 4740 446 4815 Tkiras]
476 4737 513 4797 V.
537 4736 611 4798 Gen.
632 4738 672 4798 X.
699 4743 725 4798 2.
769 4738 856 4796 Nova
877 4738 1002 4818 quidem,
1044 4737 1212 4798 Burchardo
1233 4761 1293 4800 non
1313 4753 1437 4804 exstant.

191 4837 243 4899 sed
263 4859 367 4918 parum
388 4838 465 4897 utilis
487 4845 532 4896 est
554 4836 627 4895 haec
648 4838 837 4917 etymologia.
1107 4869 1158 4936 49)
1176 4865 1302 4923 historia
1319 4864 1730 4938 ecclesiastica-Diocletiano]
1749 4863 1787 4923 V.
1802 4864 1862 4925 Idu·

254 4942 305 5012 46)
327 4946 360 4994 ut
381 4937 489 4994 dicturo
510 4944 552 4993 est
573 4937 677 5012 supra]
699 4936 723 4995 Ι.
745 4939 771 4995 2.
1045 4962 1117 5022 δώῃ
1141 4962 1206 5022 hist·
1228 4963 1298 5023 eccl¹
1322 4963 1339 5024 1¹
1366 4964 1451 5024 VHp

253 5038 304 5110 47)
327 5035 440 5112 triplici
460 5034 552 5109 usuro]
577 5031 771 5113 Scriptionem
800 5034 876 5092 banc
895 5038 1004 5116 recepi·
1111 5092 1162 5151 50]
1184 5097 1216 5143 ut
1238 5088 1346 5144 dictum
1371 5088 1422 5162 m]
1445 5088 1485 5147 H·
1510 5094 1532 5146 ι’

191 5155 254 5193 mus
275 5135 475 5193 confirmatam
496 5132 668 5192 auctoritato
691 5132 837 5192 Willermi
861 5132 1004 5211 Tyrensis

191 5234 268 5294 uss
296 5232 371 5292 suro
392 5232 473 5290 xm
495 5253 520 5291 ε.
541 5231 569 5288 v
591 5251 620 5309 p.
645 5234 719 5303 saa,
750 5232 829 5290 eius
851 5252 868 5288 a
893 5231 1005 5294 nitrea
1112 5212 1162 5283 5¹>
1185 5218 1212 5266 u
1229 5210 1376 5284 rowell
1400 5208 1472 5269 L110-
1495 5207 1550 5269 X!-
1573 5213 1619 5268 ²⁷·

190 5332 283 5391 XVII
305 5336 368 5406 (l).
392 5336 460 5393 344.
483 5364 520 5374 -
550 5329 632 5389 Libri
657 5330 748 5388 nostri
778 5330 856 5408 typis
879 5335 1007 5410 expressi
1113 5337 1162 5405 52)
1186 5332 1370 5407 Eleutheros]
1395 5330 1579 5390 Burchardus
1604 5330 1632 5390 h.
1652 5332 1681 5403 l.,
1703 5342 1734 5389 ut
1754 5353 1806 5411 per
1828 5353 1863 5392 ea

192 5432 377 5510 scriptionem
400 5430 592 5507 quadruplici
612 5427 691 5508 apud
712 5427 912 5487 Burclrardum
934 5433 1008 5490 tueri
1048 5439 1182 5511 tempora
1208 5430 1295 5487 moris
1330 5442 1404 5503 erat,
1438 5430 1545 5489 flumen
1573 5430 1678 5506 (Nahr)
1706 5430 1863 5503 el-Kebir,

191 5529 332 5590 videntur.
1049 5531 1097 5608 qui
1120 5539 1163 5587 est
1185 5548 1269 5588 verus
1290 5526 1482 5601 Eleutheros,
1510 5550 1575 5588 eum
1596 5530 1715 5590 flumine
1735 5532 1862 5591 el·Klssi·

253 5633 304 5703 48)
331 5629 391 5694 Qui
412 5628 503 5685 eciam
525 5627 611 5701 riseri]
634 5624 702 5685 Vid.
726 5625 819 5684 Ritter
840 5624 934 5684 XVII
956 5634 1007 5701 (1).
1049 5626 1141 5705 mijelr
1170 5625 1329 5685 contundit.
1365 5626 1412 5685 nd
1434 5627 1602 5706 Kasimtjeh
1629 5631 1707 5689 enirn
1734 5641 1777 5689 est
1798 5631 1864 5690 Bel·

1638 5745 1652 5793 4
