4214 6096
1017 369 1035 429 7

319 546 432 613 Codex
453 547 714 612 vratislaviensis
744 547 857 611 tertius
880 548 955 623 (Vc)
982 546 1182 629 chartaceus,
1204 549 1326 613 formae
1351 547 1420 612 folii
1443 548 1586 629 minoris,
1610 548 1755 632 signatus
1776 548 1800 612 1.
1822 549 1861 612 F.

198 670 266 743 277,
289 664 430 748 scriptus
453 674 501 728 est
523 685 606 728 anno
631 669 725 743 1468,
754 675 786 726 ct
807 671 857 726 est
877 661 1092 727 collectaneus
1112 662 1263 727 foliorum
1285 669 1361 746 371,
1382 666 1437 749 qui
1459 686 1478 727 a
1499 663 1574 729 10110
1595 663 1671 728 inde
1692 663 1740 727 IV
1761 686 1861 750 usque

196 780 237 843 ad
258 779 291 842 X
313 780 454 845 continet
475 777 665 843 Tractatum
687 778 727 842 de
747 790 834 843 terra
856 788 977 843 sancta.
1019 778 1057 843 In
1079 778 1175 844 dorso
1195 779 1353 844 involucri
1371 779 1506 865 legitur:
1534 786 1698 843 Tractatus
1718 784 1754 841 de
1776 802 1864 841 cruce

202 899 329 957 Domini.

317 1010 369 1075 Dc
390 1011 453 1076 hoc
484 1009 609 1093 codice,
640 1009 716 1074 olim
745 1010 973 1074 canonicorum
995 1010 1107 1074 Sancti
1128 1008 1302 1095 Augustini
1325 1009 1576 1095 Saganensium,
1605 1011 1685 1074 haec
1712 1010 1864 1095 leguntur

196 1128 227 1190 in
250 1125 333 1192 libro
356 1127 533 1212 inscripto:
557 1127 653 1190 Pertz
673 1126 797 1190 Archiv
819 1125 867 1189 XI
890 1134 949 1194 700
974 1137 1069 1190 extr:
1099 1132 1167 1191 277.
1190 1126 1237 1189 ch.
1259 1126 1279 1190 1.
1302 1134 1328 1192 4.
1351 1125 1478 1190 Fratris
1493 1125 1675 1190 Burchardi
1697 1125 1737 1189 de
1750 1125 1861 1190 Monte

195 1242 273 1307 Sion
296 1254 454 1308 tractatus
477 1242 518 1307 de
541 1242 645 1306 Terra
665 1241 794 1307 Sancta.
831 1239 896 1305 Hic
917 1264 999 1326 quae
1021 1240 1114 1307 nobis
1145 1263 1165 1305 a
1185 1239 1262 1306 10110
1284 1243 1407 1306 minore
1429 1241 1625 1327 appellanda
1645 1263 1715 1305 esse
1734 1240 1864 1305 videtur

195 1358 300 1422 forma
319 1360 527 1445 quaternaria
550 1357 674 1423 dicitur.

316 1474 435 1562 Incipit
457 1473 507 1538 Vc
538 1475 620 1538 siout
643 1473 695 1536 Va
725 1485 756 1537 et
776 1471 845 1554 Vb,
872 1471 997 1537 finitur:
1025 1496 1089 1536 curu
1110 1479 1182 1534 luna
1204 1486 1352 1536 crescente
1374 1477 1494 1555 crescit,
1519 1496 1582 1536 cum
1609 1479 1793 1537 decrescente
1814 1479 1864 1536 de-

193 1594 299 1651 crescit
319 1599 379 1655 etc.

315 1704 380 1768 Hic
402 1726 530 1792 quoque
551 1703 656 1769 codex
677 1703 755 1768 olim
777 1704 1005 1768 canonicorum
1028 1702 1060 1768 S.
1082 1702 1256 1789 Augustini
1278 1708 1506 1791 sagancnsium
1527 1705 1627 1769 fuisse
1647 1704 1794 1770 traditur.

314 1820 406 1885 Haec
438 1818 597 1885 habebam
626 1842 709 1906 quae
739 1818 779 1883 de
808 1818 975 1884 codicibus
1010 1842 1102 1884 ame
1122 1821 1263 1886 versatis
1285 1833 1317 1885 et
1338 1820 1511 1907 descriptis
1534 1820 1681 1885 dicerem.
1723 1820 1792 1885 Iam
1813 1840 1862 1885 re·

194 1936 333 2000 feramus
357 1935 398 2001 de
419 1936 491 2000 aliis
513 1934 604 1999 libris
626 1932 855 2021 manuscriptis
877 1934 1059 2000 Burchardi
1082 1935 1123 2000 de
1148 1936 1258 2001 11101110
1280 1936 1367 2002 Sion.
1407 1936 1497 2016 Quos
1520 1936 1725 2023 alphabetico
1748 1935 1862 2001 ordine

194 2050 420 2137 disposuimus.

815 2204 843 2267 6.
871 2216 989 2266 connx
1013 2218 1237 2268 unsrunnusis.

316 2332 481 2398 Gustavus
502 2330 627 2396 Haenel
649 2334 681 2397 in
701 2331 784 2396 libro
805 2332 961 2418 inscripto
984 2330 1132 2419 Catalogi
1153 2332 1308 2399 librorum
1329 2357 1405 2398 mss.
1428 2334 1482 2419 qui
1504 2334 1537 2397 in
1551 2330 1762 2396 Bibliothecis
1786 2330 1862 2396 Gal·

193 2450 263 2530 liae,
283 2448 455 2513 Helvetiae
475 2485 517 2495 —
539 2458 758 2530 asservantur,
782 2470 801 2511 a
822 2447 880 2512 col.
902 2450 962 2514 553
984 2447 1064 2512 haec
1084 2449 1202 2514 tradit:

353 2563 397 2629 'A.
420 2564 458 2629 V.
484 2572 529 2631 17.
550 2563 673 2629 Terrae
697 2562 836 2628 Sanctae
857 2563 1042 2650 descriptio,
1065 2565 1153 2628 facta
1175 2565 1216 2631 ab
1239 2589 1286 2648 eo,
1308 2567 1361 2652 qui
1384 2588 1456 2630 eam
1476 2564 1715 2652 perambulavit
1738 2576 1769 2629 et
1790 2586 1862 2651 per-

359 2681 476 2767 spexit,
498 2692 534 2745 ut
554 2681 625 2767 ipse
646 2689 799 2759 testatum
821 2677 875 2743 101.

315 2794 377 2860 Est
394 2797 429 2861 in
449 2794 653 2861 Bibliotheca
674 2794 805 2881 publica
825 2793 1013 2859 Basileensi.
1056 2795 1120 2860 Hic
1141 2807 1191 2861 est
1214 2797 1328 2879 codex,
1351 2819 1446 2884 quern
1470 2795 1699 2860 Beckmannus
1727 2818 1800 2882 pag.
1823 2800 1862 2862 12

196 2914 240 2977 ita
262 2910 433 2978 describit:

358 3029 531 3114 Inscriptio
554 3036 619 3092 est:
646 3025 746 3091 Liber
768 3024 809 3090 de
830 3025 1042 3112 dispositione
1063 3037 1169 3092 terrae
1191 3051 1215 3092 s.
1239 3028 1379 3092 civitatis
1398 3026 1575 3093 Ierusalem
1606 3039 1638 3091 et
1659 3027 1796 3091 aliorum
1818 3025 1863 3090 lo·

361 3166 481 3226 corum,
503 3141 607 3208 editus
627 3165 685 3228 per
707 3141 888 3228 quemdam,
910 3143 965 3230 qui
988 3142 1088 3208 oculis
1110 3144 1176 3209 suis
1197 3143 1288 3209 vidit.
1327 3143 1449 3209 Auctor
1469 3165 1534 3209 non
1555 3144 1750 3208 nominatur.
1785 3142 1863 3206 Pro·

357 3259 450 3346 logus
474 3260 521 3325 sic
541 3260 671 3345 incipit:
701 3256 782 3324 Cum
806 3260 840 3322 in
862 3257 1026 3323 veteribus
1048 3258 1191 3325 historiis
1211 3297 1252 3307 —
1272 3261 1318 3324 uti
1341 3261 1376 3324 in
1399 3261 1575 3325 oxoniensi.
1616 3259 1709 3324 Finis
1732 3268 1794 3324 est:
1821 3257 1864 3322 Et

358 3385 432 3461 post
455 3374 523 3440 dies
547 3374 669 3461 aliquot
689 3372 765 3440 inde
786 3376 946 3460 navigans
968 3411 1009 3420 —
1023 3411 1061 3420 —
1085 3377 1119 3439 in
1135 3375 1196 3441 hac
1210 3378 1307 3441 etiam
1325 3386 1438 3463 postea
1454 3375 1619 3463 lapidatus
1639 3386 1687 3440 est
1700 3375 1863 3440 Ieremias.

320 3491 433 3578 Neque
452 3491 590 3556 formam
614 3514 718 3578 neque
741 3488 883 3556 seculum
905 3489 1026 3555 codicis
1049 3516 1069 3556 a
1089 3491 1297 3559 Bcckmanno
1319 3492 1461 3557 indicata
1484 3512 1555 3557 esse
1577 3490 1730 3556 dolemus.

316 3607 364 3674 cf.
387 3606 471 3672 Hist.
492 3604 537 3671 lit.
560 3607 654 3672 dela
676 3607 803 3672 France
823 3604 907 3670 XXI
929 3611 997 3673 204.

835 3776 861 3834 7.
889 3787 1008 3835 conux
1027 3792 1225 3840 nsuunnsrs.

316 3903 429 3970 Codex
450 3903 725 3983 membranaceus,
746 3903 869 3968 formae
889 3906 1060 3988 maximae,
1084 3905 1159 3970 olim
1181 3905 1299 3971 Iacobo
1314 3905 1496 3992 Bongarsio
1518 3907 1618 3972 fuisse
1641 3904 1792 3990 traditur,
1815 3908 1864 3972 ni·

195 4020 263 4086 tide
289 4023 430 4107 scriptus
458 4032 515 4085 est.
557 4019 610 4084 De
640 4042 703 4106 quo
735 4043 764 4083 v.
788 4018 904 4084 Sinner
926 4020 1028 4087 Catal.
1057 4045 1134 4087 mss.
1160 4021 1243 4086 Bibl.
1266 4020 1360 4085 Bern.
1390 4026 1477 4090 1770.
1507 4022 1544 4087 Τ.
1564 4023 1597 4087 11
1618 4046 1649 4109 p.
1672 4028 1720 4091 20.
1764 4022 1865 4090 Cuius

192 4136 415 4224 apographum
440 4160 500 4224 pro
529 4160 568 4201 ea
597 4159 661 4223 qua
687 4150 736 4200 est
761 4134 956 4202 liberalitate
982 4159 1107 4203 mecum
1136 4139 1385 4203 communicavit
1412 4137 1508 4204 Titus
1535 4138 1664 4204 Tobler.
1707 4138 1862 4225 Signatus

194 4261 243 4318 est
263 4252 344 4319 Cod.
365 4252 463 4318 Bern.
484 4260 532 4321 46.
573 4251 762 4338 Descriptio
791 4262 898 4318 terrae
925 4266 1064 4319 sanctae.
1107 4253 1221 4319 Seculo
1244 4254 1309 4320 XII
1336 4277 1446 4320 errore
1476 4253 1649 4319 ascribitur
1677 4277 1697 4319 a
1719 4256 1864 4320 Siunero.

195 4369 231 4434 V.
256 4368 376 4434 Tobler
398 4368 540 4455 Topogr.
568 4391 599 4432 v.
621 4369 720 4432 Ierus.
742 4369 766 4432 I.
788 4391 820 4454 p.
842 4367 949 4432 XXV.
971 4404 1010 4415 -
1039 4370 1076 4434 ln
1098 4370 1241 4435 eiusdem
1262 4370 1345 4436 libro
1368 4367 1583 4458 Siloahquelle
1605 4394 1635 4457 p.
1657 4377 1685 4437 5.
1707 4392 1863 4435 memora-

190 4498 242 4550 tur
264 4484 489 4573 apographum
509 4484 589 4550 illud
611 4484 698 4572 quod
719 4483 919 4549 contulimus.

315 4602 382 4684 Qui
403 4601 486 4667 liber
509 4623 704 4689 quamquam
721 4601 937 4685 fragmentum
959 4613 1084 4666 tantum
1106 4603 1263 4685 continet,
1293 4617 1400 4668 tamen
1421 4626 1486 4669 non
1508 4605 1577 4668 sine
1597 4604 1702 4690 preti⁰
1724 4621 1794 4664 csse
1816 4600 1863 4661 vi-

192 4719 300 4803 detur,
331 4741 429 4807 quum
457 4717 552 4782 bonis
582 4715 811 4804 scriptionibus
832 4739 897 4780 non
917 4727 1034 4781 careat
1075 4717 1113 4780 ln
1135 4719 1320 4783 universum
1343 4733 1451 4784 tamen
1473 4732 1504 4783 et
1525 4741 1546 4784 a
1572 4726 1736 4783 nostrast
1759 4736 1778 4777 a
1801 4712 1863 4779 Ca·

191 4837 267 4901 nisii
289 4833 486 4901 editionibus
509 4832 624 4898 differt
668 4831 820 4899 Continet
842 4854 924 4918 quae
943 4831 1115 4897 traduntur
1138 4835 1299 4920 capitibus
1314 4834 1360 4899 Vl
1382 4858 1449 4922 sqq.
1471 4848 1601 4900 nostrae
1623 4831 1696 4896 edit.

754 5005 781 5068 8.
803 5000 831 5061 9.
853 5013 1000 5063 conrcns
1021 5016 1300 5067 uauxuunsusns

312 5134 406 5201 Duos
423 5129 607 5199 Burchardi
630 5128 732 5195 libros
752 5152 840 5212 mss,
863 5131 890 5194 si
913 5132 1057 5215 sequaris
1072 5130 1237 5196 Victorem
1252 5131 1414 5198 Clericum
1438 5130 1532 5207 (Hist.
1554 5128 1601 5194 lit.
1624 5126 1665 5193 de
1685 5127 1718 5194 la
1734 5128 1862 5193 France

192 5252 276 5318 XXI
294 5259 376 5335 204),
397 5248 544 5340 possidet
564 5244 767 5312 Bibliotheca
787 5249 880 5333 regia
900 5246 1139 5330 Bnrxellcnsis,
1162 5247 1297 5313 alterurn
1319 5269 1451 5311 numero
1474 5251 1565 5327 9177,
1587 5244 1726 5310 alterum
1749 5245 1858 5317 (seculi

190 5368 267 5447 XV)
288 5390 421 5435 numero
445 5370 503 5434 739
525 5364 722 5449 insignitum.

810 5517 854 5578 10.
876 5529 994 5577 connx
1015 5529 1249 5581 cocornensis.

316 5648 368 5713 De
390 5669 453 5735 quo
475 5670 505 5714 v.
528 5645 717 5712 Beckmann
739 5669 770 5732 p.
792 5651 841 5712 12.
