<?xml version="1.0" encoding="UTF-8"?>
<!DOCTYPE html PUBLIC "-//W3C//DTD XHTML 1.0 Transitional//EN"
    "http://www.w3.org/TR/xhtml1/DTD/xhtml1-transitional.dtd">
<html xmlns="http://www.w3.org/1999/xhtml" xml:lang="en" lang="en">
 <head>
  <title>
</title>
<meta http-equiv="Content-Type" content="text/html;charset=utf-8" />
  <meta name='ocr-system' content='tesseract 3.04.00' />
  <meta name='ocr-capabilities' content='ocr_page ocr_carea ocr_par ocr_line ocrx_word'/>
</head>
<body>
  <div class='ocr_page' id='page_1' title='image "./peregrinatoresm00peregoog_0089.png"; bbox 0 0 4214 6096; ppageno 0'>
   <div class='ocr_carea' id='block_1_1' title="bbox 1037 340 1076 401">
    <p class='ocr_par' dir='ltr' id='par_1_1' title="bbox 1037 340 1076 401">
     <span class='ocr_line' id='line_1_1' title="bbox 1037 340 1076 401; baseline 0.051 -2"><span class='ocrx_word' id='word_1_1' title='bbox 1037 340 1076 401; x_wconf 85' lang='lat'><strong>76</strong></span> 
     </span>
    </p>
   </div>
   <div class='ocr_carea' id='block_1_2' title="bbox 217 516 1900 3045">
    <p class='ocr_par' dir='ltr' id='par_1_2' title="bbox 217 516 1895 724">
     <span class='ocr_line' id='line_1_2' title="bbox 217 516 1895 607; baseline -0.004 -18"><span class='ocrx_word' id='word_1_2' title='bbox 217 521 442 589; x_wconf 78' lang='lat' dir='ltr'><strong>intermediam</strong></span> <span class='ocrx_word' id='word_1_3' title='bbox 475 528 678 604; x_wconf 75' lang='lat' dir='ltr'><strong>separantur.</strong></span> <span class='ocrx_word' id='word_1_4' title='bbox 721 518 852 582; x_wconf 80' lang='lat' dir='ltr'><strong>Dicitur</strong></span> <span class='ocrx_word' id='word_1_5' title='bbox 880 532 986 580; x_wconf 84' lang='lat' dir='ltr'><strong>autem</strong></span> <span class='ocrx_word' id='word_1_6' title='bbox 1008 537 1101 581; x_wconf 87' lang='lat' dir='ltr'><strong>mons</strong></span> <span class='ocrx_word' id='word_1_7' title='bbox 1122 516 1327 601; x_wconf 79' lang='lat' dir='ltr'><strong>offensionis,</strong></span> <span class='ocrx_word' id='word_1_8' title='bbox 1354 520 1431 606; x_wconf 92' lang='lat' dir='ltr'><strong>quia</strong></span> <span class='ocrx_word' id='word_1_9' title='bbox 1453 516 1605 584; x_wconf 87' lang='lat' dir='ltr'><strong>Salomon</strong></span> <span class='ocrx_word' id='word_1_10' title='bbox 1625 521 1660 584; x_wconf 90' lang='lat' dir='ltr'><strong>in</strong></span> <span class='ocrx_word' id='word_1_11' title='bbox 1680 540 1720 584; x_wconf 85' lang='lat' dir='ltr'><strong>eo</strong></span> <span class='ocrx_word' id='word_1_12' title='bbox 1738 517 1895 607; x_wconf 83' lang='lat' dir='ltr'><strong>templum</strong></span> 
     </span>
     <span class='ocr_line' id='line_1_3' title="bbox 217 632 1298 724; baseline -0.005 -21"><span class='ocrx_word' id='word_1_13' title='bbox 217 639 346 706; x_wconf 81' lang='lat' dir='ltr'><strong>Moloch</strong></span> <span class='ocrx_word' id='word_1_14' title='bbox 367 646 521 724; x_wconf 87' lang='lat' dir='ltr'><strong>posuerat</strong></span> <span class='ocrx_word' id='word_1_15' title='bbox 543 656 561 699; x_wconf 91' lang='lat' dir='ltr'><strong>e</strong></span> <span class='ocrx_word' id='word_1_16' title='bbox 584 636 717 720; x_wconf 80' lang='lat' dir='ltr'><strong>regione</strong></span> <span class='ocrx_word' id='word_1_17' title='bbox 737 633 860 720; x_wconf 91' lang='lat' dir='ltr'><strong>templi,</strong></span> <span class='ocrx_word' id='word_1_18' title='bbox 881 632 1059 696; x_wconf 88' lang='lat' dir='ltr'><strong>Dominum</strong></span> <span class='ocrx_word' id='word_1_19' title='bbox 1080 633 1298 718; x_wconf 88' lang='lat' dir='ltr'><strong>prouocando.</strong></span> 
     </span>
    </p>

    <p class='ocr_par' dir='ltr' id='par_1_3' title="bbox 342 746 1602 829">
     <span class='ocr_line' id='line_1_4' title="bbox 342 746 1602 829; baseline -0.003 -11"><span class='ocrx_word' id='word_1_20' title='bbox 342 752 460 818; x_wconf 84' lang='lat' dir='ltr'><strong>Subter</strong></span> <span class='ocrx_word' id='word_1_21' title='bbox 482 773 555 815; x_wconf 90' lang='lat' dir='ltr'><strong>eum</strong></span> <span class='ocrx_word' id='word_1_22' title='bbox 577 752 680 814; x_wconf 88' lang='lat' dir='ltr'><strong>eciam</strong></span> <span class='ocrx_word' id='word_1_23' title='bbox 702 762 815 815; x_wconf 91' lang='lat' dir='ltr'><strong>contra</strong></span> <span class='ocrx_word' id='word_1_24' title='bbox 836 759 981 814; x_wconf 90' lang='lat' dir='ltr'><strong>austrum</strong></span> <span class='ocrx_word' id='word_1_25' title='bbox 1003 758 1053 813; x_wconf 90' lang='lat' dir='ltr'><strong>est</strong></span> <span class='ocrx_word' id='word_1_26' title='bbox 1074 746 1164 813; x_wconf 91' lang='lat' dir='ltr'><strong>locus</strong></span> <span class='ocrx_word' id='word_1_27' title='bbox 1187 754 1300 829; x_wconf 71' lang='lat' dir='ltr'><strong>reptet</strong></span> <span class='ocrx_word' id='word_1_28' title='bbox 1322 750 1391 814; x_wconf 87' lang='lat' dir='ltr'><strong>siue</strong></span> <span class='ocrx_word' id='word_1_29' title='bbox 1412 749 1602 816; x_wconf 82' lang='lat' dir='ltr'><strong>Gehennon.</strong></span> 
     </span>
    </p>

    <p class='ocr_par' dir='ltr' id='par_1_4' title="bbox 217 866 1896 1170">
     <span class='ocr_line' id='line_1_5' title="bbox 341 866 1896 953; baseline -0.001 -19"><span class='ocrx_word' id='word_1_30' title='bbox 341 871 429 934; x_wconf 86' lang='lat' dir='ltr'><strong>Inter</strong></span> <span class='ocrx_word' id='word_1_31' title='bbox 454 871 611 932; x_wconf 83' lang='lat' dir='ltr'><strong>orientem</strong></span> <span class='ocrx_word' id='word_1_32' title='bbox 640 888 718 931; x_wconf 88' lang='lat' dir='ltr'><strong>uero</strong></span> <span class='ocrx_word' id='word_1_33' title='bbox 748 872 811 941; x_wconf 71' lang='lat' dir='ltr'><strong>et³)</strong></span> <span class='ocrx_word' id='word_1_34' title='bbox 833 876 978 930; x_wconf 81' lang='lat' dir='ltr'><strong>austrum</strong></span> <span class='ocrx_word' id='word_1_35' title='bbox 998 875 1149 951; x_wconf 84' lang='lat' dir='ltr'><strong>respectu</strong></span> <span class='ocrx_word' id='word_1_36' title='bbox 1171 866 1314 929; x_wconf 89' lang='lat' dir='ltr'><strong>ciuitatis</strong></span> <span class='ocrx_word' id='word_1_37' title='bbox 1335 867 1416 930; x_wconf 85' lang='lat' dir='ltr'><strong>situs</strong></span> <span class='ocrx_word' id='word_1_38' title='bbox 1439 877 1488 930; x_wconf 88' lang='lat' dir='ltr'><strong>est</strong></span> <span class='ocrx_word' id='word_1_39' title='bbox 1507 888 1586 953; x_wconf 85' lang='lat' dir='ltr'><strong>ager</strong></span> <span class='ocrx_word' id='word_1_40' title='bbox 1607 872 1834 945; x_wconf 70' lang='lat' dir='ltr'><strong>Acheldemach,</strong></span> <span class='ocrx_word' id='word_1_41' title='bbox 1862 875 1896 932; x_wconf 88' lang='lat' dir='ltr'><strong>et</strong></span> 
     </span>
     <span class='ocr_line' id='line_1_6' title="bbox 217 980 1895 1071; baseline -0.002 -19"><span class='ocrx_word' id='word_1_42' title='bbox 217 1011 309 1053; x_wconf 91' lang='lat' dir='ltr'><strong>mons</strong></span> <span class='ocrx_word' id='word_1_43' title='bbox 332 986 473 1071; x_wconf 86' lang='lat' dir='ltr'><strong>desuper</strong></span> <span class='ocrx_word' id='word_1_44' title='bbox 492 983 587 1048; x_wconf 92' lang='lat' dir='ltr'><strong>ualde</strong></span> <span class='ocrx_word' id='word_1_45' title='bbox 609 982 710 1064; x_wconf 86' lang='lat' dir='ltr'><strong>altus,</strong></span> <span class='ocrx_word' id='word_1_46' title='bbox 733 985 787 1069; x_wconf 89' lang='lat' dir='ltr'><strong>qui</strong></span> <span class='ocrx_word' id='word_1_47' title='bbox 808 981 921 1046; x_wconf 90' lang='lat' dir='ltr'><strong>eodem</strong></span> <span class='ocrx_word' id='word_1_48' title='bbox 943 983 1071 1045; x_wconf 90' lang='lat' dir='ltr'><strong>nomine</strong></span> <span class='ocrx_word' id='word_1_49' title='bbox 1093 980 1293 1067; x_wconf 89' lang='lat' dir='ltr'><strong>appellatur,</strong></span> <span class='ocrx_word' id='word_1_50' title='bbox 1315 991 1347 1045; x_wconf 90' lang='lat' dir='ltr'><strong>et</strong></span> <span class='ocrx_word' id='word_1_51' title='bbox 1368 981 1436 1046; x_wconf 84' lang='lat' dir='ltr'><strong>fere</strong></span> <span class='ocrx_word' id='word_1_52' title='bbox 1456 992 1543 1047; x_wconf 89' lang='lat' dir='ltr'><strong>tenet</strong></span> <span class='ocrx_word' id='word_1_53' title='bbox 1564 994 1664 1049; x_wconf 89' lang='lat' dir='ltr'><strong>totam</strong></span> <span class='ocrx_word' id='word_1_54' title='bbox 1685 993 1812 1070; x_wconf 88' lang='lat' dir='ltr'><strong>partem</strong></span> <span class='ocrx_word' id='word_1_55' title='bbox 1838 1004 1895 1050; x_wconf 87' lang='lat' dir='ltr'><strong>au·</strong></span> 
     </span>
     <span class='ocr_line' id='line_1_7' title="bbox 217 1103 608 1170; baseline -0.018 -1"><span class='ocrx_word' id='word_1_56' title='bbox 217 1105 275 1170; x_wconf 92' lang='lat' dir='ltr'><strong>stri</strong></span> <span class='ocrx_word' id='word_1_57' title='bbox 300 1114 413 1168; x_wconf 90' lang='lat' dir='ltr'><strong>contra</strong></span> <span class='ocrx_word' id='word_1_58' title='bbox 436 1103 608 1165; x_wconf 90' lang='lat' dir='ltr'><strong>ciuitatem.</strong></span> 
     </span>
    </p>

    <p class='ocr_par' dir='ltr' id='par_1_5' title="bbox 217 1212 1895 1421">
     <span class='ocr_line' id='line_1_8' title="bbox 341 1212 1895 1299; baseline -0.001 -17"><span class='ocrx_word' id='word_1_59' title='bbox 341 1220 398 1283; x_wconf 90' lang='lat' dir='ltr'><strong>Isti</strong></span> <span class='ocrx_word' id='word_1_60' title='bbox 435 1216 476 1281; x_wconf 88' lang='lat' dir='ltr'><strong>ab</strong></span> <span class='ocrx_word' id='word_1_61' title='bbox 504 1215 669 1281; x_wconf 88' lang='lat' dir='ltr'><strong>occidente</strong></span> <span class='ocrx_word' id='word_1_62' title='bbox 704 1212 839 1277; x_wconf 85' lang='lat' dir='ltr'><strong>adheret</strong></span> <span class='ocrx_word' id='word_1_63' title='bbox 865 1237 939 1293; x_wconf 74' lang='lat' dir='ltr'><strong>aper</strong></span> <span class='ocrx_word' id='word_1_64' title='bbox 962 1215 1166 1292; x_wconf 74' lang='lat' dir='ltr'><strong>sallonie⁵³⁹)</strong></span> <span class='ocrx_word' id='word_1_65' title='bbox 1194 1224 1225 1278; x_wconf 91' lang='lat' dir='ltr'><strong>et</strong></span> <span class='ocrx_word' id='word_1_66' title='bbox 1250 1235 1343 1277; x_wconf 91' lang='lat' dir='ltr'><strong>mons</strong></span> <span class='ocrx_word' id='word_1_67' title='bbox 1372 1212 1511 1299; x_wconf 83' lang='lat' dir='ltr'><strong>desuper</strong></span> <span class='ocrx_word' id='word_1_68' title='bbox 1538 1213 1682 1280; x_wconf 89' lang='lat' dir='ltr'><strong>eiusdem</strong></span> <span class='ocrx_word' id='word_1_69' title='bbox 1704 1214 1895 1299; x_wconf 74' lang='lat' dir='ltr'><strong>altitudinis,</strong></span> 
     </span>
     <span class='ocr_line' id='line_1_9' title="bbox 217 1337 496 1421; baseline -0.014 -21"><span class='ocrx_word' id='word_1_70' title='bbox 217 1337 308 1401; x_wconf 91' lang='lat' dir='ltr'><strong>cuius</strong></span> <span class='ocrx_word' id='word_1_71' title='bbox 330 1350 379 1398; x_wconf 88' lang='lat' dir='ltr'><strong>est</strong></span> <span class='ocrx_word' id='word_1_72' title='bbox 402 1337 496 1421; x_wconf 91' lang='lat' dir='ltr'><strong>prior.</strong></span> 
     </span>
    </p>

    <p class='ocr_par' dir='ltr' id='par_1_6' title="bbox 217 1444 1898 1864">
     <span class='ocr_line' id='line_1_10' title="bbox 342 1444 1897 1534; baseline 0.001 -21"><span class='ocrx_word' id='word_1_73' title='bbox 342 1451 427 1514; x_wconf 91' lang='lat' dir='ltr'><strong>Huic</strong></span> <span class='ocrx_word' id='word_1_74' title='bbox 456 1471 534 1534; x_wconf 84' lang='lat' dir='ltr'><strong>ergo</strong></span> <span class='ocrx_word' id='word_1_75' title='bbox 563 1469 643 1532; x_wconf 78' lang='lat' dir='ltr'><strong>agro</strong></span> <span class='ocrx_word' id='word_1_76' title='bbox 664 1445 794 1512; x_wconf 80' lang='lat' dir='ltr'><strong>fidlonis</strong></span> <span class='ocrx_word' id='word_1_77' title='bbox 821 1445 956 1510; x_wconf 87' lang='lat' dir='ltr'><strong>adheret</strong></span> <span class='ocrx_word' id='word_1_78' title='bbox 982 1469 1065 1507; x_wconf 74' lang='lat' dir='ltr'><strong>meru</strong></span> <span class='ocrx_word' id='word_1_79' title='bbox 1088 1448 1235 1521; x_wconf 62' lang='grc'>055555)</span> <span class='ocrx_word' id='word_1_80' title='bbox 1263 1444 1305 1509; x_wconf 91' lang='lat' dir='ltr'><strong>ab</strong></span> <span class='ocrx_word' id='word_1_81' title='bbox 1332 1446 1524 1511; x_wconf 88' lang='lat' dir='ltr'><strong>occidentali</strong></span> <span class='ocrx_word' id='word_1_82' title='bbox 1545 1459 1639 1533; x_wconf 88' lang='lat' dir='ltr'><strong>parte</strong></span> <span class='ocrx_word' id='word_1_83' title='bbox 1661 1450 1819 1531; x_wconf 89' lang='lat' dir='ltr'><strong>ciuitatis,</strong></span> <span class='ocrx_word' id='word_1_84' title='bbox 1849 1450 1897 1513; x_wconf 84' lang='lat' dir='ltr'><strong>ita</strong></span> 
     </span>
     <span class='ocr_line' id='line_1_11' title="bbox 217 1561 1896 1650; baseline -0.002 -17"><span class='ocrx_word' id='word_1_85' title='bbox 217 1582 336 1649; x_wconf 88' lang='lat' dir='ltr'><strong>tamen,</strong></span> <span class='ocrx_word' id='word_1_86' title='bbox 358 1578 393 1630; x_wconf 93' lang='lat' dir='ltr'><strong>ut</strong></span> <span class='ocrx_word' id='word_1_87' title='bbox 415 1568 484 1648; x_wconf 89' lang='lat' dir='ltr'><strong>uia,</strong></span> <span class='ocrx_word' id='word_1_88' title='bbox 518 1587 579 1649; x_wconf 89' lang='lat' dir='ltr'><strong>que</strong></span> <span class='ocrx_word' id='word_1_89' title='bbox 601 1562 748 1650; x_wconf 83' lang='lat' dir='ltr'><strong>precedit</strong></span> <span class='ocrx_word' id='word_1_90' title='bbox 769 1562 926 1648; x_wconf 86' lang='lat' dir='ltr'><strong>deporta</strong></span> <span class='ocrx_word' id='word_1_91' title='bbox 949 1561 1070 1642; x_wconf 89' lang='lat' dir='ltr'><strong>Dauid,</strong></span> <span class='ocrx_word' id='word_1_92' title='bbox 1093 1572 1239 1625; x_wconf 88' lang='lat' dir='ltr'><strong>transeat</strong></span> <span class='ocrx_word' id='word_1_93' title='bbox 1258 1564 1342 1627; x_wconf 90' lang='lat' dir='ltr'><strong>iuter</strong></span> <span class='ocrx_word' id='word_1_94' title='bbox 1364 1585 1429 1627; x_wconf 89' lang='lat' dir='ltr'><strong>eos.</strong></span> <span class='ocrx_word' id='word_1_95' title='bbox 1471 1562 1537 1628; x_wconf 87' lang='lat' dir='ltr'><strong>Iste</strong></span> <span class='ocrx_word' id='word_1_96' title='bbox 1558 1586 1652 1628; x_wconf 90' lang='lat' dir='ltr'><strong>mons</strong></span> <span class='ocrx_word' id='word_1_97' title='bbox 1670 1563 1757 1629; x_wconf 88' lang='lat' dir='ltr'><strong>Gion</strong></span> <span class='ocrx_word' id='word_1_98' title='bbox 1777 1563 1821 1628; x_wconf 90' lang='lat' dir='ltr'><strong>ab</strong></span> <span class='ocrx_word' id='word_1_99' title='bbox 1843 1584 1896 1630; x_wconf 86' lang='lat' dir='ltr'><strong>oc·</strong></span> 
     </span>
     <span class='ocr_line' id='line_1_12' title="bbox 218 1676 1898 1768; baseline -0.002 -20"><span class='ocrx_word' id='word_1_100' title='bbox 218 1683 345 1748; x_wconf 90' lang='lat' dir='ltr'><strong>cidente</strong></span> <span class='ocrx_word' id='word_1_101' title='bbox 365 1684 580 1768; x_wconf 86' lang='lat' dir='ltr'><strong>supereminet</strong></span> <span class='ocrx_word' id='word_1_102' title='bbox 602 1681 742 1761; x_wconf 88' lang='lat' dir='ltr'><strong>ciuitati,</strong></span> <span class='ocrx_word' id='word_1_103' title='bbox 770 1676 828 1743; x_wconf 88' lang='lat' dir='ltr'><strong>sed</strong></span> <span class='ocrx_word' id='word_1_104' title='bbox 850 1678 1008 1764; x_wconf 89' lang='lat' dir='ltr'><strong>paulatim</strong></span> <span class='ocrx_word' id='word_1_105' title='bbox 1030 1677 1155 1760; x_wconf 90' lang='lat' dir='ltr'><strong>deficit,</strong></span> <span class='ocrx_word' id='word_1_106' title='bbox 1182 1680 1228 1742; x_wconf 89' lang='lat' dir='ltr'><strong>ita</strong></span> <span class='ocrx_word' id='word_1_107' title='bbox 1256 1690 1291 1742; x_wconf 91' lang='lat' dir='ltr'><strong>ut</strong></span> <span class='ocrx_word' id='word_1_108' title='bbox 1320 1691 1433 1744; x_wconf 90' lang='lat' dir='ltr'><strong>contra</strong></span> <span class='ocrx_word' id='word_1_109' title='bbox 1453 1691 1581 1765; x_wconf 88' lang='lat' dir='ltr'><strong>portam</strong></span> <span class='ocrx_word' id='word_1_110' title='bbox 1603 1691 1746 1745; x_wconf 86' lang='lat' dir='ltr'><strong>ueterem</strong></span> <span class='ocrx_word' id='word_1_111' title='bbox 1766 1682 1898 1746; x_wconf 87' lang='lat' dir='ltr'><strong>nonsit</strong></span> 
     </span>
     <span class='ocr_line' id='line_1_13' title="bbox 218 1799 468 1864; baseline -0.016 0"><span class='ocrx_word' id='word_1_112' title='bbox 218 1799 351 1864; x_wconf 91' lang='lat' dir='ltr'><strong>multum</strong></span> <span class='ocrx_word' id='word_1_113' title='bbox 375 1799 468 1862; x_wconf 89' lang='lat' dir='ltr'><strong>altus.</strong></span> 
     </span>
    </p>

    <p class='ocr_par' dir='ltr' id='par_1_7' title="bbox 220 1910 1899 2114">
     <span class='ocr_line' id='line_1_14' title="bbox 345 1910 1899 1999; baseline -0.001 -20"><span class='ocrx_word' id='word_1_114' title='bbox 345 1915 482 1991; x_wconf 71' lang='lat' dir='ltr'><strong>Terrab)</strong></span> <span class='ocrx_word' id='word_1_115' title='bbox 514 1925 620 1976; x_wconf 87' lang='lat' dir='ltr'><strong>tamen</strong></span> <span class='ocrx_word' id='word_1_116' title='bbox 653 1925 816 1975; x_wconf 88' lang='lat' dir='ltr'><strong>tumorosa</strong></span> <span class='ocrx_word' id='word_1_117' title='bbox 844 1923 892 1986; x_wconf 87' lang='lat' dir='ltr'><strong>est</strong></span> <span class='ocrx_word' id='word_1_118' title='bbox 923 1910 963 1974; x_wconf 89' lang='lat' dir='ltr'><strong>dc</strong></span> <span class='ocrx_word' id='word_1_119' title='bbox 994 1921 1100 1975; x_wconf 87' lang='lat' dir='ltr'><strong>cetero</strong></span> <span class='ocrx_word' id='word_1_120' title='bbox 1122 1922 1235 1975; x_wconf 88' lang='lat' dir='ltr'><strong>contra</strong></span> <span class='ocrx_word' id='word_1_121' title='bbox 1255 1911 1454 1975; x_wconf 88' lang='lat' dir='ltr'><strong>occidentem</strong></span> <span class='ocrx_word' id='word_1_122' title='bbox 1473 1921 1505 1974; x_wconf 90' lang='lat' dir='ltr'><strong>et</strong></span> <span class='ocrx_word' id='word_1_123' title='bbox 1526 1911 1709 1999; x_wconf 90' lang='lat' dir='ltr'><strong>aquilonem</strong></span> <span class='ocrx_word' id='word_1_124' title='bbox 1730 1910 1899 1999; x_wconf 84' lang='lat' dir='ltr'><strong>usquead</strong></span> 
     </span>
     <span class='ocr_line' id='line_1_15' title="bbox 220 2026 1898 2114; baseline -0.001 -20"><span class='ocrx_word' id='word_1_125' title='bbox 220 2038 389 2112; x_wconf 80' lang='lat' dir='ltr'><strong>sepulerum</strong></span> <span class='ocrx_word' id='word_1_126' title='bbox 402 2035 517 2093; x_wconf 80' lang='lat' dir='ltr'><strong>Helene</strong></span> <span class='ocrx_word' id='word_1_127' title='bbox 528 2032 597 2109; x_wconf 73' lang='grc'>555),</span> <span class='ocrx_word' id='word_1_128' title='bbox 616 2028 703 2114; x_wconf 91' lang='lat' dir='ltr'><strong>quod</strong></span> <span class='ocrx_word' id='word_1_129' title='bbox 725 2041 773 2092; x_wconf 86' lang='lat' dir='ltr'><strong>cst</strong></span> <span class='ocrx_word' id='word_1_130' title='bbox 788 2036 901 2090; x_wconf 89' lang='lat' dir='ltr'><strong>contra</strong></span> <span class='ocrx_word' id='word_1_131' title='bbox 918 2037 1046 2112; x_wconf 89' lang='lat' dir='ltr'><strong>portam</strong></span> <span class='ocrx_word' id='word_1_132' title='bbox 1063 2026 1235 2090; x_wconf 87' lang='lat' dir='ltr'><strong>Beniamin</strong></span> <span class='ocrx_word' id='word_1_133' title='bbox 1249 2048 1346 2113; x_wconf 89' lang='lat' dir='ltr'><strong>super</strong></span> <span class='ocrx_word' id='word_1_134' title='bbox 1360 2038 1534 2092; x_wconf 87' lang='lat' dir='ltr'><strong>torrentem</strong></span> <span class='ocrx_word' id='word_1_135' title='bbox 1550 2028 1680 2094; x_wconf 81' lang='lat' dir='ltr'><strong>Cedron</strong></span> <span class='ocrx_word' id='word_1_136' title='bbox 1695 2026 1898 2093; x_wconf 87' lang='lat' dir='ltr'><strong>collocatum.</strong></span> 
     </span>
    </p>

    <p class='ocr_par' dir='ltr' id='par_1_8' title="bbox 220 2142 1899 2578">
     <span class='ocr_line' id='line_1_16' title="bbox 344 2142 1899 2230; baseline -0.002 -19"><span class='ocrx_word' id='word_1_137' title='bbox 344 2146 438 2211; x_wconf 90' lang='lat' dir='ltr'><strong>Ultra</strong></span> <span class='ocrx_word' id='word_1_138' title='bbox 459 2156 635 2210; x_wconf 82' lang='lat' dir='ltr'><strong>torrentem</strong></span> <span class='ocrx_word' id='word_1_139' title='bbox 656 2167 734 2208; x_wconf 90' lang='lat' dir='ltr'><strong>uero</strong></span> <span class='ocrx_word' id='word_1_140' title='bbox 756 2142 887 2210; x_wconf 87' lang='lat' dir='ltr'><strong>Cedron</strong></span> <span class='ocrx_word' id='word_1_141' title='bbox 907 2145 941 2206; x_wconf 92' lang='lat' dir='ltr'><strong>in</strong></span> <span class='ocrx_word' id='word_1_142' title='bbox 962 2142 1063 2206; x_wconf 88' lang='lat' dir='ltr'><strong>latere</strong></span> <span class='ocrx_word' id='word_1_143' title='bbox 1085 2142 1267 2230; x_wconf 89' lang='lat' dir='ltr'><strong>aquilonari</strong></span> <span class='ocrx_word' id='word_1_144' title='bbox 1288 2146 1406 2208; x_wconf 88' lang='lat' dir='ltr'><strong>montis</strong></span> <span class='ocrx_word' id='word_1_145' title='bbox 1427 2143 1536 2208; x_wconf 88' lang='lat' dir='ltr'><strong>oliueti</strong></span> <span class='ocrx_word' id='word_1_146' title='bbox 1558 2154 1607 2208; x_wconf 90' lang='lat' dir='ltr'><strong>est</strong></span> <span class='ocrx_word' id='word_1_147' title='bbox 1627 2166 1720 2208; x_wconf 92' lang='lat' dir='ltr'><strong>mons</strong></span> <span class='ocrx_word' id='word_1_148' title='bbox 1742 2143 1899 2221; x_wconf 65' lang='lat' dir='ltr'><strong>aliusffl)</strong></span> 
     </span>
     <span class='ocr_line' id='line_1_17' title="bbox 220 2258 1899 2343; baseline -0.002 -15"><span class='ocrx_word' id='word_1_149' title='bbox 220 2263 367 2329; x_wconf 91' lang='lat' dir='ltr'><strong>similiter</strong></span> <span class='ocrx_word' id='word_1_150' title='bbox 387 2262 520 2326; x_wconf 90' lang='lat' dir='ltr'><strong>multum</strong></span> <span class='ocrx_word' id='word_1_151' title='bbox 543 2261 637 2343; x_wconf 86' lang='lat' dir='ltr'><strong>altus,</strong></span> <span class='ocrx_word' id='word_1_152' title='bbox 660 2260 706 2323; x_wconf 89' lang='lat' dir='ltr'><strong>IV</strong></span> <span class='ocrx_word' id='word_1_153' title='bbox 729 2259 842 2324; x_wconf 87' lang='lat' dir='ltr'><strong>stadiis</strong></span> <span class='ocrx_word' id='word_1_154' title='bbox 865 2259 990 2323; x_wconf 86' lang='lat' dir='ltr'><strong>distans</strong></span> <span class='ocrx_word' id='word_1_155' title='bbox 1013 2258 1054 2322; x_wconf 86' lang='lat' dir='ltr'><strong>ab</strong></span> <span class='ocrx_word' id='word_1_156' title='bbox 1080 2258 1266 2341; x_wconf 84' lang='lat' dir='ltr'><strong>Ierusalem,</strong></span> <span class='ocrx_word' id='word_1_157' title='bbox 1288 2258 1345 2323; x_wconf 93' lang='lat' dir='ltr'><strong>ubi</strong></span> <span class='ocrx_word' id='word_1_158' title='bbox 1362 2259 1515 2324; x_wconf 86' lang='lat' dir='ltr'><strong>Salomon</strong></span> <span class='ocrx_word' id='word_1_159' title='bbox 1534 2259 1685 2340; x_wconf 77' lang='lat' dir='ltr'><strong>Chamon,</strong></span> <span class='ocrx_word' id='word_1_160' title='bbox 1707 2259 1794 2324; x_wconf 91' lang='lat' dir='ltr'><strong>idolo</strong></span> <span class='ocrx_word' id='word_1_161' title='bbox 1806 2259 1899 2325; x_wconf 87' lang='lat' dir='ltr'><strong>Moa-</strong></span> 
     </span>
     <span class='ocr_line' id='line_1_18' title="bbox 221 2374 1899 2465; baseline -0.002 -21"><span class='ocrx_word' id='word_1_162' title='bbox 221 2379 372 2461; x_wconf 88' lang='lat' dir='ltr'><strong>bitarum,</strong></span> <span class='ocrx_word' id='word_1_163' title='bbox 394 2377 549 2465; x_wconf 89' lang='lat' dir='ltr'><strong>templum</strong></span> <span class='ocrx_word' id='word_1_164' title='bbox 571 2379 761 2458; x_wconf 77' lang='lat' dir='ltr'><strong>construxit,</strong></span> <span class='ocrx_word' id='word_1_165' title='bbox 783 2377 840 2440; x_wconf 93' lang='lat' dir='ltr'><strong>ubi</strong></span> <span class='ocrx_word' id='word_1_166' title='bbox 861 2386 975 2463; x_wconf 87' lang='lat' dir='ltr'><strong>postea</strong></span> <span class='ocrx_word' id='word_1_167' title='bbox 997 2388 1141 2462; x_wconf 87' lang='lat' dir='ltr'><strong>tempore</strong></span> <span class='ocrx_word' id='word_1_168' title='bbox 1156 2374 1409 2439; x_wconf 87' lang='lat' dir='ltr'><strong>Machabeorum</strong></span> <span class='ocrx_word' id='word_1_169' title='bbox 1430 2388 1463 2440; x_wconf 92' lang='lat' dir='ltr'><strong>et</strong></span> <span class='ocrx_word' id='word_1_170' title='bbox 1476 2375 1695 2440; x_wconf 88' lang='lat' dir='ltr'><strong>Romanorum</strong></span> <span class='ocrx_word' id='word_1_171' title='bbox 1713 2376 1899 2441; x_wconf 85' lang='lat' dir='ltr'><strong>edificatum</strong></span> 
     </span>
     <span class='ocr_line' id='line_1_19' title="bbox 220 2490 1899 2578; baseline -0.003 -18"><span class='ocrx_word' id='word_1_172' title='bbox 220 2497 280 2561; x_wconf 87' lang='lat' dir='ltr'><strong>fuit</strong></span> <span class='ocrx_word' id='word_1_173' title='bbox 300 2507 452 2575; x_wconf 82' lang='lat' dir='ltr'><strong>castrum,</strong></span> <span class='ocrx_word' id='word_1_174' title='bbox 475 2496 565 2558; x_wconf 87' lang='lat' dir='ltr'><strong>cuius</strong></span> <span class='ocrx_word' id='word_1_175' title='bbox 589 2493 710 2557; x_wconf 91' lang='lat' dir='ltr'><strong>indicia</strong></span> <span class='ocrx_word' id='word_1_176' title='bbox 732 2492 838 2557; x_wconf 90' lang='lat' dir='ltr'><strong>adhuc</strong></span> <span class='ocrx_word' id='word_1_177' title='bbox 865 2493 913 2557; x_wconf 86' lang='lat' dir='ltr'><strong>ibi</strong></span> <span class='ocrx_word' id='word_1_178' title='bbox 936 2507 1017 2566; x_wconf 86' lang='lat' dir='ltr'><strong>sunt,</strong></span> <span class='ocrx_word' id='word_1_179' title='bbox 1040 2490 1350 2556; x_wconf 88' lang='lat' dir='ltr'><strong>undclcrosolimite</strong></span> <span class='ocrx_word' id='word_1_180' title='bbox 1363 2493 1493 2556; x_wconf 86' lang='lat' dir='ltr'><strong>fuerunt</strong></span> <span class='ocrx_word' id='word_1_181' title='bbox 1507 2491 1728 2578; x_wconf 87' lang='lat' dir='ltr'><strong>multipliciter</strong></span> <span class='ocrx_word' id='word_1_182' title='bbox 1743 2491 1899 2556; x_wconf 83' lang='lat' dir='ltr'><strong>infestati.</strong></span> 
     </span>
    </p>

    <p class='ocr_par' dir='ltr' id='par_1_9' title="bbox 221 2607 1900 2811">
     <span class='ocr_line' id='line_1_20' title="bbox 345 2607 1900 2695; baseline -0.003 -21"><span class='ocrx_word' id='word_1_183' title='bbox 345 2611 403 2674; x_wconf 87' lang='lat' dir='ltr'><strong>Isti</strong></span> <span class='ocrx_word' id='word_1_184' title='bbox 426 2625 550 2674; x_wconf 86' lang='lat' dir='ltr'><strong>montes</strong></span> <span class='ocrx_word' id='word_1_185' title='bbox 573 2632 682 2674; x_wconf 87' lang='lat' dir='ltr'><strong>omncs</strong></span> <span class='ocrx_word' id='word_1_186' title='bbox 706 2621 779 2673; x_wconf 87' lang='lat' dir='ltr'><strong>suut</strong></span> <span class='ocrx_word' id='word_1_187' title='bbox 802 2631 905 2694; x_wconf 89' lang='lat' dir='ltr'><strong>prope</strong></span> <span class='ocrx_word' id='word_1_188' title='bbox 926 2610 1033 2672; x_wconf 83' lang='lat' dir='ltr'><strong>menia</strong></span> <span class='ocrx_word' id='word_1_189' title='bbox 1054 2610 1207 2690; x_wconf 86' lang='lat' dir='ltr'><strong>ciuitatis,</strong></span> <span class='ocrx_word' id='word_1_190' title='bbox 1229 2631 1293 2672; x_wconf 92' lang='lat' dir='ltr'><strong>non</strong></span> <span class='ocrx_word' id='word_1_191' title='bbox 1318 2621 1427 2673; x_wconf 88' lang='lat' dir='ltr'><strong>tamen</strong></span> <span class='ocrx_word' id='word_1_192' title='bbox 1447 2611 1492 2672; x_wconf 90' lang='lat' dir='ltr'><strong>ita</strong></span> <span class='ocrx_word' id='word_1_193' title='bbox 1511 2631 1624 2695; x_wconf 89' lang='lat' dir='ltr'><strong>prope,</strong></span> <span class='ocrx_word' id='word_1_194' title='bbox 1645 2617 1681 2672; x_wconf 91' lang='lat' dir='ltr'><strong>ut</strong></span> <span class='ocrx_word' id='word_1_195' title='bbox 1698 2607 1774 2671; x_wconf 86' lang='lat' dir='ltr'><strong>inde</strong></span> <span class='ocrx_word' id='word_1_196' title='bbox 1792 2607 1900 2694; x_wconf 85' lang='lat' dir='ltr'><strong>possit</strong></span> 
     </span>
     <span class='ocr_line' id='line_1_21' title="bbox 221 2724 1215 2811; baseline -0.006 -18"><span class='ocrx_word' id='word_1_197' title='bbox 221 2730 337 2793; x_wconf 84' lang='lat' dir='ltr'><strong>ciuitas</strong></span> <span class='ocrx_word' id='word_1_198' title='bbox 359 2728 581 2791; x_wconf 86' lang='lat' dir='ltr'><strong>instrumentis</strong></span> <span class='ocrx_word' id='word_1_199' title='bbox 603 2724 764 2810; x_wconf 88' lang='lat' dir='ltr'><strong>aliquibus</strong></span> <span class='ocrx_word' id='word_1_200' title='bbox 786 2724 837 2788; x_wconf 87' lang='lat' dir='ltr'><strong>uel</strong></span> <span class='ocrx_word' id='word_1_201' title='bbox 861 2726 1000 2810; x_wconf 86' lang='lat' dir='ltr'><strong>ingeniis</strong></span> <span class='ocrx_word' id='word_1_202' title='bbox 1021 2726 1215 2811; x_wconf 81' lang='lat' dir='ltr'><strong>impugnari.</strong></span> 
     </span>
    </p>

    <p class='ocr_par' dir='ltr' id='par_1_10' title="bbox 221 2838 1898 3045">
     <span class='ocr_line' id='line_1_22' title="bbox 347 2838 1898 2928; baseline -0.003 -20"><span class='ocrx_word' id='word_1_203' title='bbox 347 2843 391 2908; x_wconf 85' lang='lat' dir='ltr'><strong>Et</strong></span> <span class='ocrx_word' id='word_1_204' title='bbox 416 2844 477 2908; x_wconf 90' lang='lat' dir='ltr'><strong>hec</strong></span> <span class='ocrx_word' id='word_1_205' title='bbox 507 2841 547 2906; x_wconf 86' lang='lat' dir='ltr'><strong>de</strong></span> <span class='ocrx_word' id='word_1_206' title='bbox 575 2845 638 2905; x_wconf 91' lang='lat' dir='ltr'><strong>situ</strong></span> <span class='ocrx_word' id='word_1_207' title='bbox 660 2843 801 2906; x_wconf 91' lang='lat' dir='ltr'><strong>ciuitatis</strong></span> <span class='ocrx_word' id='word_1_208' title='bbox 825 2853 857 2905; x_wconf 92' lang='lat' dir='ltr'><strong>et</strong></span> <span class='ocrx_word' id='word_1_209' title='bbox 879 2843 982 2928; x_wconf 87' lang='lat' dir='ltr'><strong>portis</strong></span> <span class='ocrx_word' id='word_1_210' title='bbox 1004 2852 1037 2904; x_wconf 92' lang='lat' dir='ltr'><strong>ct</strong></span> <span class='ocrx_word' id='word_1_211' title='bbox 1058 2841 1221 2905; x_wconf 88' lang='lat' dir='ltr'><strong>montibus</strong></span> <span class='ocrx_word' id='word_1_212' title='bbox 1243 2843 1330 2905; x_wconf 89' lang='lat' dir='ltr'><strong>circa</strong></span> <span class='ocrx_word' id='word_1_213' title='bbox 1353 2843 1460 2927; x_wconf 89' lang='lat' dir='ltr'><strong>ipsam</strong></span> <span class='ocrx_word' id='word_1_214' title='bbox 1483 2840 1571 2904; x_wconf 88' lang='lat' dir='ltr'><strong>dicta</strong></span> <span class='ocrx_word' id='word_1_215' title='bbox 1593 2840 1761 2903; x_wconf 83' lang='lat' dir='ltr'><strong>sufficiant</strong></span> <span class='ocrx_word' id='word_1_216' title='bbox 1804 2838 1898 2905; x_wconf 82' lang='lat' dir='ltr'><strong>Cete-</strong></span> 
     </span>
     <span class='ocr_line' id='line_1_23' title="bbox 221 2956 1415 3045; baseline -0.004 -19"><span class='ocrx_word' id='word_1_217' title='bbox 221 2984 291 3026; x_wconf 83' lang='lat' dir='ltr'><strong>rtun</strong></span> <span class='ocrx_word' id='word_1_218' title='bbox 314 2959 357 3024; x_wconf 92' lang='lat' dir='ltr'><strong>ad</strong></span> <span class='ocrx_word' id='word_1_219' title='bbox 378 2959 628 3045; x_wconf 80' lang='lat' dir='ltr'><strong>descriptionem</strong></span> <span class='ocrx_word' id='word_1_220' title='bbox 653 2960 756 3044; x_wconf 88' lang='lat' dir='ltr'><strong>partis</strong></span> <span class='ocrx_word' id='word_1_221' title='bbox 777 2968 872 3039; x_wconf 86' lang='lat' dir='ltr'><strong>terre,</strong></span> <span class='ocrx_word' id='word_1_222' title='bbox 896 2979 957 3041; x_wconf 88' lang='lat' dir='ltr'><strong>que</strong></span> <span class='ocrx_word' id='word_1_223' title='bbox 980 2956 1085 3021; x_wconf 88' lang='lat' dir='ltr'><strong>adhuc</strong></span> <span class='ocrx_word' id='word_1_224' title='bbox 1105 2967 1215 3038; x_wconf 88' lang='lat' dir='ltr'><strong>restat,</strong></span> <span class='ocrx_word' id='word_1_225' title='bbox 1237 2957 1415 3021; x_wconf 82' lang='lat' dir='ltr'><strong>redeamus.</strong></span> 
     </span>
    </p>
   </div>
   <div class='ocr_carea' id='block_1_3' title="bbox 192 3271 1904 4047">
    <p class='ocr_par' dir='ltr' id='par_1_11' title="bbox 192 3271 1904 3825">
     <span class='ocr_line' id='line_1_24' title="bbox 192 3271 1902 3359; baseline 0 -21"><span class='ocrx_word' id='word_1_226' title='bbox 192 3289 203 3338; x_wconf 89' lang='lat'>1</span> <span class='ocrx_word' id='word_1_227' title='bbox 351 3273 410 3337; x_wconf 90' lang='lat' dir='ltr'><strong>IX.</strong></span> <span class='ocrx_word' id='word_1_228' title='bbox 453 3273 505 3337; x_wconf 91' lang='lat' dir='ltr'><strong>Dc</strong></span> <span class='ocrx_word' id='word_1_229' title='bbox 528 3273 705 3338; x_wconf 80' lang='lat' dir='ltr'><strong>Ierusalem</strong></span> <span class='ocrx_word' id='word_1_230' title='bbox 734 3274 834 3356; x_wconf 85' lang='lat' dir='ltr'><strong>igitur</strong></span> <span class='ocrx_word' id='word_1_231' title='bbox 862 3272 1067 3359; x_wconf 87' lang='lat' dir='ltr'><strong>procedendo</strong></span> <span class='ocrx_word' id='word_1_232' title='bbox 1090 3273 1122 3337; x_wconf 89' lang='grc' dir='ltr'>Π</span> <span class='ocrx_word' id='word_1_233' title='bbox 1149 3271 1250 3337; x_wconf 92' lang='lat' dir='ltr'><strong>leucis</strong></span> <span class='ocrx_word' id='word_1_234' title='bbox 1270 3287 1383 3337; x_wconf 90' lang='lat' dir='ltr'><strong>contra</strong></span> <span class='ocrx_word' id='word_1_235' title='bbox 1406 3271 1577 3358; x_wconf 87' lang='lat' dir='ltr'><strong>angulum,</strong></span> <span class='ocrx_word' id='word_1_236' title='bbox 1599 3274 1655 3358; x_wconf 90' lang='lat' dir='ltr'><strong>qui</strong></span> <span class='ocrx_word' id='word_1_237' title='bbox 1677 3284 1726 3337; x_wconf 88' lang='lat' dir='ltr'><strong>est</strong></span> <span class='ocrx_word' id='word_1_238' title='bbox 1743 3275 1828 3337; x_wconf 90' lang='lat' dir='ltr'><strong>iuter</strong></span> <span class='ocrx_word' id='word_1_239' title='bbox 1848 3294 1902 3338; x_wconf 89' lang='lat' dir='ltr'><strong>oc·</strong></span> 
     </span>
     <span class='ocr_line' id='line_1_25' title="bbox 226 3388 1902 3476; baseline 0 -23"><span class='ocrx_word' id='word_1_240' title='bbox 226 3389 385 3456; x_wconf 87' lang='lat' dir='ltr'><strong>cidentem</strong></span> <span class='ocrx_word' id='word_1_241' title='bbox 410 3404 441 3453; x_wconf 86' lang='lat' dir='ltr'><strong>et</strong></span> <span class='ocrx_word' id='word_1_242' title='bbox 466 3389 733 3476; x_wconf 87' lang='lat' dir='ltr'><strong>septentrionem,</strong></span> <span class='ocrx_word' id='word_1_243' title='bbox 768 3401 920 3452; x_wconf 74' lang='lat' dir='ltr'><strong>estmorae</strong></span> <span class='ocrx_word' id='word_1_244' title='bbox 942 3392 1004 3450; x_wconf 84' lang='lat' dir='ltr'><strong>Silo</strong></span> <span class='ocrx_word' id='word_1_245' title='bbox 1017 3389 1088 3470; x_wconf 82' lang='lat'><strong>⁵⁴³),</strong></span> <span class='ocrx_word' id='word_1_246' title='bbox 1117 3390 1171 3475; x_wconf 93' lang='lat' dir='ltr'><strong>qui</strong></span> <span class='ocrx_word' id='word_1_247' title='bbox 1192 3411 1277 3452; x_wconf 89' lang='lat' dir='ltr'><strong>nunc</strong></span> <span class='ocrx_word' id='word_1_248' title='bbox 1299 3395 1341 3450; x_wconf 86' lang='lat' dir='ltr'><strong>od</strong></span> <span class='ocrx_word' id='word_1_249' title='bbox 1359 3401 1493 3451; x_wconf 80' lang='lat' dir='ltr'><strong>sanctum</strong></span> <span class='ocrx_word' id='word_1_250' title='bbox 1515 3393 1678 3451; x_wconf 78' lang='lat' dir='ltr'><strong>Samuelem</strong></span> <span class='ocrx_word' id='word_1_251' title='bbox 1699 3388 1835 3471; x_wconf 88' lang='lat' dir='ltr'><strong>dicitur,</strong></span> <span class='ocrx_word' id='word_1_252' title='bbox 1857 3388 1902 3453; x_wconf 86' lang='lat' dir='ltr'><strong>al·</strong></span> 
     </span>
     <span class='ocr_line' id='line_1_26' title="bbox 226 3504 1903 3593; baseline -0.002 -20"><span class='ocrx_word' id='word_1_253' title='bbox 226 3510 294 3573; x_wconf 92' lang='lat' dir='ltr'><strong>cior</strong></span> <span class='ocrx_word' id='word_1_254' title='bbox 322 3509 431 3593; x_wconf 87' lang='lat' dir='ltr'><strong>utique</strong></span> <span class='ocrx_word' id='word_1_255' title='bbox 460 3505 608 3571; x_wconf 83' lang='lat' dir='ltr'><strong>omnibus</strong></span> <span class='ocrx_word' id='word_1_256' title='bbox 630 3504 808 3585; x_wconf 82' lang='lat' dir='ltr'><strong>montibus,</strong></span> <span class='ocrx_word' id='word_1_257' title='bbox 837 3508 890 3591; x_wconf 92' lang='lat' dir='ltr'><strong>qui</strong></span> <span class='ocrx_word' id='word_1_258' title='bbox 920 3519 993 3568; x_wconf 88' lang='lat' dir='ltr'><strong>sunt</strong></span> <span class='ocrx_word' id='word_1_259' title='bbox 1022 3506 1164 3570; x_wconf 89' lang='lat' dir='ltr'><strong>interra</strong></span> <span class='ocrx_word' id='word_1_260' title='bbox 1187 3517 1315 3586; x_wconf 86' lang='lat' dir='ltr'><strong>sancta,</strong></span> <span class='ocrx_word' id='word_1_261' title='bbox 1349 3517 1502 3591; x_wconf 90' lang='lat' dir='ltr'><strong>quantum</strong></span> <span class='ocrx_word' id='word_1_262' title='bbox 1533 3506 1575 3571; x_wconf 90' lang='lat' dir='ltr'><strong>ad</strong></span> <span class='ocrx_word' id='word_1_263' title='bbox 1607 3508 1718 3588; x_wconf 88' lang='lat' dir='ltr'><strong>situm;</strong></span> <span class='ocrx_word' id='word_1_264' title='bbox 1752 3505 1903 3570; x_wconf 84' lang='lat' dir='ltr'><strong>omuibus</strong></span> 
     </span>
     <span class='ocr_line' id='line_1_27' title="bbox 229 3619 1904 3709; baseline -0.002 -21"><span class='ocrx_word' id='word_1_265' title='bbox 229 3625 316 3688; x_wconf 90' lang='lat' dir='ltr'><strong>enim</strong></span> <span class='ocrx_word' id='word_1_266' title='bbox 339 3624 564 3709; x_wconf 85' lang='lat' dir='ltr'><strong>supereminet.</strong></span> <span class='ocrx_word' id='word_1_267' title='bbox 607 3620 651 3684; x_wconf 86' lang='lat' dir='ltr'><strong>Et</strong></span> <span class='ocrx_word' id='word_1_268' title='bbox 672 3622 811 3685; x_wconf 83' lang='lat' dir='ltr'><strong>distata</strong></span> <span class='ocrx_word' id='word_1_269' title='bbox 837 3625 946 3684; x_wconf 77' lang='lat' dir='ltr'><strong>Galae</strong></span> <span class='ocrx_word' id='word_1_270' title='bbox 969 3624 1140 3698; x_wconf 62' lang='lat' dir='ltr'><strong>Sauziew)</strong></span> <span class='ocrx_word' id='word_1_271' title='bbox 1170 3643 1348 3707; x_wconf 82' lang='lat' dir='ltr'><strong>perunum</strong></span> <span class='ocrx_word' id='word_1_272' title='bbox 1370 3621 1492 3686; x_wconf 87' lang='lat' dir='ltr'><strong>leucam</strong></span> <span class='ocrx_word' id='word_1_273' title='bbox 1514 3621 1648 3708; x_wconf 89' lang='lat' dir='ltr'><strong>etplus.</strong></span> <span class='ocrx_word' id='word_1_274' title='bbox 1690 3621 1729 3685; x_wconf 88' lang='lat' dir='ltr'><strong>In</strong></span> <span class='ocrx_word' id='word_1_275' title='bbox 1748 3621 1810 3686; x_wconf 89' lang='lat' dir='ltr'><strong>hoc</strong></span> <span class='ocrx_word' id='word_1_276' title='bbox 1832 3619 1904 3686; x_wconf 91' lang='lat' dir='ltr'><strong>loco</strong></span> 
     </span>
     <span class='ocr_line' id='line_1_28' title="bbox 229 3736 1904 3825; baseline -0.002 -21"><span class='ocrx_word' id='word_1_277' title='bbox 229 3743 290 3806; x_wconf 89' lang='lat' dir='ltr'><strong>tuit</strong></span> <span class='ocrx_word' id='word_1_278' title='bbox 313 3739 412 3804; x_wconf 85' lang='lat' dir='ltr'><strong>archa</strong></span> <span class='ocrx_word' id='word_1_279' title='bbox 427 3738 561 3802; x_wconf 87' lang='lat' dir='ltr'><strong>Domini</strong></span> <span class='ocrx_word' id='word_1_280' title='bbox 583 3737 678 3821; x_wconf 82' lang='lat' dir='ltr'><strong>longo</strong></span> <span class='ocrx_word' id='word_1_281' title='bbox 701 3747 846 3823; x_wconf 82' lang='lat' dir='ltr'><strong>tempore</strong></span> <span class='ocrx_word' id='word_1_282' title='bbox 869 3750 901 3801; x_wconf 86' lang='lat' dir='ltr'><strong>et</strong></span> <span class='ocrx_word' id='word_1_283' title='bbox 917 3736 1161 3801; x_wconf 87' lang='lat' dir='ltr'><strong>tabernaculum</strong></span> <span class='ocrx_word' id='word_1_284' title='bbox 1183 3737 1312 3818; x_wconf 84' lang='lat' dir='ltr'><strong>federis,</strong></span> <span class='ocrx_word' id='word_1_285' title='bbox 1334 3737 1420 3825; x_wconf 91' lang='lat' dir='ltr'><strong>quod</strong></span> <span class='ocrx_word' id='word_1_286' title='bbox 1439 3738 1560 3802; x_wconf 81' lang='lat' dir='ltr'><strong>fecerat</strong></span> <span class='ocrx_word' id='word_1_287' title='bbox 1572 3737 1704 3823; x_wconf 85' lang='lat' dir='ltr'><strong>Moyses</strong></span> <span class='ocrx_word' id='word_1_288' title='bbox 1717 3739 1752 3801; x_wconf 88' lang='lat' dir='ltr'><strong>in</strong></span> <span class='ocrx_word' id='word_1_289' title='bbox 1764 3737 1904 3802; x_wconf 84' lang='lat' dir='ltr'><strong>deserto.</strong></span> 
     </span>
    </p>

    <p class='ocr_par' dir='ltr' id='par_1_12' title="bbox 192 3852 1902 4047">
     <span class='ocr_line' id='line_1_29' title="bbox 192 3852 1901 3940; baseline -0.002 -20"><span class='ocrx_word' id='word_1_290' title='bbox 192 3862 208 3912; x_wconf 85' lang='lat'><strong><em>2</em></strong></span> <span class='ocrx_word' id='word_1_291' title='bbox 349 3856 401 3920; x_wconf 87' lang='lat' dir='ltr'><strong>Dc</strong></span> <span class='ocrx_word' id='word_1_292' title='bbox 423 3857 486 3918; x_wconf 86' lang='lat' dir='ltr'><strong>ista</strong></span> <span class='ocrx_word' id='word_1_293' title='bbox 509 3853 550 3916; x_wconf 86' lang='lat' dir='ltr'><strong>ud</strong></span> <span class='ocrx_word' id='word_1_294' title='bbox 573 3853 696 3917; x_wconf 84' lang='lat' dir='ltr'><strong>leucam</strong></span> <span class='ocrx_word' id='word_1_295' title='bbox 720 3855 1149 3940; x_wconf 72' lang='lat' dir='ltr'><strong>pa1·uamest0cl›aoa·&#39;‘⁴⁵),</strong></span> <span class='ocrx_word' id='word_1_296' title='bbox 1174 3855 1289 3917; x_wconf 87' lang='lat' dir='ltr'><strong>ciuitas</strong></span> <span class='ocrx_word' id='word_1_297' title='bbox 1305 3854 1485 3935; x_wconf 89' lang='lat' dir='ltr'><strong>Beniamin,</strong></span> <span class='ocrx_word' id='word_1_298' title='bbox 1510 3856 1572 3917; x_wconf 87' lang='lat' dir='ltr'><strong>sita</strong></span> <span class='ocrx_word' id='word_1_299' title='bbox 1593 3855 1627 3917; x_wconf 94' lang='lat' dir='ltr'><strong>in</strong></span> <span class='ocrx_word' id='word_1_300' title='bbox 1648 3852 1760 3919; x_wconf 86' lang='lat' dir='ltr'><strong>codem</strong></span> <span class='ocrx_word' id='word_1_301' title='bbox 1782 3863 1901 3933; x_wconf 87' lang='lat' dir='ltr'><strong>monte,</strong></span> 
     </span>
     <span class='ocr_line' id='line_1_30' title="bbox 227 3966 1902 4047; baseline -0.003 -10"><span class='ocrx_word' id='word_1_302' title='bbox 227 3972 312 4037; x_wconf 88' lang='lat' dir='ltr'><strong>unde</strong></span> <span class='ocrx_word' id='word_1_303' title='bbox 342 3986 372 4034; x_wconf 89' lang='lat' dir='ltr'><strong>et</strong></span> <span class='ocrx_word' id='word_1_304' title='bbox 401 3968 447 4033; x_wconf 87' lang='lat' dir='ltr'><strong>ibi</strong></span> <span class='ocrx_word' id='word_1_305' title='bbox 476 3969 594 4034; x_wconf 86' lang='lat' dir='ltr'><strong>dieitur</strong></span> <span class='ocrx_word' id='word_1_306' title='bbox 621 3973 720 4033; x_wconf 78' lang='lat' dir='ltr'><strong>fuisse</strong></span> <span class='ocrx_word' id='word_1_307' title='bbox 752 3969 914 4033; x_wconf 86' lang='lat' dir='ltr'><strong>excelsum</strong></span> <span class='ocrx_word' id='word_1_308' title='bbox 944 3972 1199 4047; x_wconf 64' lang='grc'>515111515111555).</span> <span class='ocrx_word' id='word_1_309' title='bbox 1243 3970 1339 4034; x_wconf 89' lang='lat' dir='ltr'><strong>Istius</strong></span> <span class='ocrx_word' id='word_1_310' title='bbox 1369 3972 1510 4033; x_wconf 86' lang='lat' dir='ltr'><strong>ciuitatis</strong></span> <span class='ocrx_word' id='word_1_311' title='bbox 1538 3968 1643 4034; x_wconf 91' lang='lat' dir='ltr'><strong>incole</strong></span> <span class='ocrx_word' id='word_1_312' title='bbox 1671 3971 1827 4032; x_wconf 86' lang='lat' dir='ltr'><strong>miserunt</strong></span> <span class='ocrx_word' id='word_1_313' title='bbox 1858 3966 1902 4032; x_wconf 91' lang='lat' dir='ltr'><strong>ad</strong></span> 
     </span>
    </p>
   </div>
   <div class='ocr_carea' id='block_1_4' title="bbox 223 4084 1904 4173">
    <p class='ocr_par' dir='ltr' id='par_1_13' title="bbox 223 4084 1904 4173">
     <span class='ocr_line' id='line_1_31' title="bbox 223 4084 1904 4173; baseline -0.003 -20"><span class='ocrx_word' id='word_1_314' title='bbox 223 4090 318 4154; x_wconf 90' lang='lat' dir='ltr'><strong>losuc</strong></span> <span class='ocrx_word' id='word_1_315' title='bbox 340 4088 476 4151; x_wconf 86' lang='lat' dir='ltr'><strong>nuncios</strong></span> <span class='ocrx_word' id='word_1_316' title='bbox 498 4087 530 4149; x_wconf 93' lang='lat' dir='ltr'><strong>in</strong></span> <span class='ocrx_word' id='word_1_317' title='bbox 548 4084 727 4172; x_wconf 71' lang='lat' dir='ltr'><strong>Galgule⁰)‚</strong></span> <span class='ocrx_word' id='word_1_318' title='bbox 749 4084 969 4150; x_wconf 80' lang='lat' dir='ltr'><strong>fraudulenter</strong></span> <span class='ocrx_word' id='word_1_319' title='bbox 990 4089 1144 4151; x_wconf 72' lang='lat' dir='ltr'><strong>iacientes</strong></span> <span class='ocrx_word' id='word_1_320' title='bbox 1168 4109 1240 4149; x_wconf 85' lang='lat' dir='ltr'><strong>curn</strong></span> <span class='ocrx_word' id='word_1_321' title='bbox 1263 4110 1299 4151; x_wconf 90' lang='lat' dir='ltr'><strong>eo</strong></span> <span class='ocrx_word' id='word_1_322' title='bbox 1323 4109 1446 4173; x_wconf 89' lang='lat' dir='ltr'><strong>pacem,</strong></span> <span class='ocrx_word' id='word_1_323' title='bbox 1470 4087 1562 4172; x_wconf 89' lang='lat' dir='ltr'><strong>quasi</strong></span> <span class='ocrx_word' id='word_1_324' title='bbox 1585 4096 1692 4149; x_wconf 85' lang='lat' dir='ltr'><strong>essent</strong></span> <span class='ocrx_word' id='word_1_325' title='bbox 1713 4084 1747 4148; x_wconf 92' lang='lat' dir='ltr'><strong>in</strong></span> <span class='ocrx_word' id='word_1_326' title='bbox 1770 4084 1904 4148; x_wconf 86' lang='lat' dir='ltr'><strong>remotis</strong></span> 
     </span>
    </p>
   </div>
   <div class='ocr_carea' id='block_1_5' title="bbox 223 4203 1434 4441">
    <p class='ocr_par' dir='ltr' id='par_1_14' title="bbox 223 4203 1434 4441">
     <span class='ocr_line' id='line_1_32' title="bbox 223 4203 566 4293; baseline -0.012 -23"><span class='ocrx_word' id='word_1_327' title='bbox 223 4203 371 4293; x_wconf 86' lang='lat' dir='ltr'><strong>partibus</strong></span> <span class='ocrx_word' id='word_1_328' title='bbox 392 4204 566 4267; x_wconf 86' lang='lat' dir='ltr'><strong>constituti.</strong></span> 
     </span>
     <span class='ocr_line' id='line_1_33' title="bbox 292 4365 1434 4441; baseline -0.004 -18"><span class='ocrx_word' id='word_1_329' title='bbox 292 4374 319 4441; x_wconf 84' lang='lat' dir='ltr'><strong>a)</strong></span> <span class='ocrx_word' id='word_1_330' title='bbox 338 4375 363 4422; x_wconf 87' lang='lat' dir='ltr'><strong>ct</strong></span> <span class='ocrx_word' id='word_1_331' title='bbox 380 4384 431 4420; x_wconf 88' lang='lat' dir='ltr'><strong>om.</strong></span> <span class='ocrx_word' id='word_1_332' title='bbox 450 4368 500 4432; x_wconf 82' lang='lat' dir='ltr'><strong>St,</strong></span> <span class='ocrx_word' id='word_1_333' title='bbox 518 4366 602 4419; x_wconf 87' lang='lat' dir='ltr'><strong>habet</strong></span> <span class='ocrx_word' id='word_1_334' title='bbox 620 4365 645 4416; x_wconf 93' lang='lat' dir='ltr'><strong>h.</strong></span> <span class='ocrx_word' id='word_1_335' title='bbox 666 4396 695 4403; x_wconf 92' lang='lat'>—</span> <span class='ocrx_word' id='word_1_336' title='bbox 715 4365 744 4434; x_wconf 71' lang='lat' dir='ltr'><strong>b)</strong></span> <span class='ocrx_word' id='word_1_337' title='bbox 766 4367 861 4418; x_wconf 65' lang='lat' dir='ltr'><strong>Tea-m</strong></span> <span class='ocrx_word' id='word_1_338' title='bbox 882 4365 922 4419; x_wconf 83' lang='lat' dir='ltr'><strong>St.</strong></span> <span class='ocrx_word' id='word_1_339' title='bbox 942 4373 1016 4418; x_wconf 66' lang='lat' dir='ltr'><strong>turra</strong></span> <span class='ocrx_word' id='word_1_340' title='bbox 1033 4366 1066 4419; x_wconf 90' lang='lat' dir='ltr'><strong>ed</strong></span> <span class='ocrx_word' id='word_1_341' title='bbox 1095 4367 1163 4420; x_wconf 79' lang='lat' dir='ltr'><strong>Vsu.</strong></span> <span class='ocrx_word' id='word_1_342' title='bbox 1185 4398 1215 4406; x_wconf 90' lang='lat'><em>-</em></span> <span class='ocrx_word' id='word_1_343' title='bbox 1235 4374 1261 4429; x_wconf 63' lang='lat' dir='ltr'><strong>c]</strong></span> <span class='ocrx_word' id='word_1_344' title='bbox 1279 4369 1377 4436; x_wconf 70' lang='lat' dir='ltr'><strong>popule</strong></span> <span class='ocrx_word' id='word_1_345' title='bbox 1395 4367 1434 4419; x_wconf 89' lang='lat' dir='ltr'><strong>St.</strong></span> 
     </span>
    </p>
   </div>
   <div class='ocr_carea' id='block_1_6' title="bbox 223 4519 1905 5693">
    <p class='ocr_par' dir='ltr' id='par_1_15' title="bbox 224 4519 1903 4698">
     <span class='ocr_line' id='line_1_34' title="bbox 287 4519 1903 4599; baseline -0.003 -14"><span class='ocrx_word' id='word_1_346' title='bbox 287 4530 357 4596; x_wconf 75' lang='grc'>539)</span> <span class='ocrx_word' id='word_1_347' title='bbox 388 4543 461 4599; x_wconf 75' lang='lat' dir='ltr'><strong>uper</strong></span> <span class='ocrx_word' id='word_1_348' title='bbox 480 4522 620 4596; x_wconf 65' lang='lat' dir='ltr'><strong>salimes]</strong></span> <span class='ocrx_word' id='word_1_349' title='bbox 662 4526 758 4593; x_wconf 72' lang='lat' dir='ltr'><strong>Quem</strong></span> <span class='ocrx_word' id='word_1_350' title='bbox 786 4520 824 4577; x_wconf 91' lang='lat' dir='ltr'><strong>ab</strong></span> <span class='ocrx_word' id='word_1_351' title='bbox 852 4521 1042 4579; x_wconf 80' lang='lat' dir='ltr'><strong>Hakelduura</strong></span> <span class='ocrx_word' id='word_1_352' title='bbox 1085 4520 1218 4593; x_wconf 87' lang='lat' dir='ltr'><strong>Samuel,</strong></span> <span class='ocrx_word' id='word_1_353' title='bbox 1248 4535 1278 4580; x_wconf 93' lang='lat' dir='ltr'><strong>ut</strong></span> <span class='ocrx_word' id='word_1_354' title='bbox 1303 4524 1372 4581; x_wconf 88' lang='lat' dir='ltr'><strong>dicit</strong></span> <span class='ocrx_word' id='word_1_355' title='bbox 1399 4522 1593 4581; x_wconf 88' lang='lat' dir='ltr'><strong>Burchardus.</strong></span> <span class='ocrx_word' id='word_1_356' title='bbox 1635 4520 1672 4582; x_wconf 86' lang='lat' dir='ltr'><strong>V.</strong></span> <span class='ocrx_word' id='word_1_357' title='bbox 1701 4519 1814 4580; x_wconf 83' lang='lat' dir='ltr'><strong>&#39;Poblcr</strong></span> <span class='ocrx_word' id='word_1_358' title='bbox 1840 4519 1903 4580; x_wconf 85' lang='grc' dir='ltr'><strong>Το-</strong></span> 
     </span>
     <span class='ocr_line' id='line_1_35' title="bbox 224 4618 1591 4698; baseline -0.004 -13"><span class='ocrx_word' id='word_1_359' title='bbox 224 4647 282 4685; x_wconf 91' lang='lat' dir='ltr'><strong>non</strong></span> <span class='ocrx_word' id='word_1_360' title='bbox 298 4624 413 4682; x_wconf 83' lang='lat' dir='ltr'><strong>differre</strong></span> <span class='ocrx_word' id='word_1_361' title='bbox 435 4633 535 4680; x_wconf 87' lang='lat' dir='ltr'><strong>censet</strong></span> <span class='ocrx_word' id='word_1_362' title='bbox 552 4619 707 4678; x_wconf 77' lang='lat' dir='ltr'><strong>&#39;I&#39;oblerus</strong></span> <span class='ocrx_word' id='word_1_363' title='bbox 731 4618 768 4677; x_wconf 91' lang='lat' dir='ltr'><strong>V.</strong></span> <span class='ocrx_word' id='word_1_364' title='bbox 785 4619 898 4678; x_wconf 86' lang='lat' dir='ltr'><strong>Tobler</strong></span> <span class='ocrx_word' id='word_1_365' title='bbox 911 4620 1041 4698; x_wconf 77' lang='lat' dir='ltr'><strong>Topogr.</strong></span> <span class='ocrx_word' id='word_1_366' title='bbox 1085 4642 1164 4698; x_wconf 83' lang='lat' dir='ltr'><strong>pogr.</strong></span> <span class='ocrx_word' id='word_1_367' title='bbox 1189 4644 1215 4680; x_wconf 88' lang='lat' dir='ltr'><strong>v.</strong></span> <span class='ocrx_word' id='word_1_368' title='bbox 1234 4623 1334 4681; x_wconf 81' lang='lat' dir='ltr'><strong>Jerus.</strong></span> <span class='ocrx_word' id='word_1_369' title='bbox 1357 4623 1397 4681; x_wconf 91' lang='lat' dir='ltr'><strong>Il.</strong></span> <span class='ocrx_word' id='word_1_370' title='bbox 1420 4627 1591 4682; x_wconf 71' lang='lat'>874-857.</span> 
     </span>
    </p>

    <p class='ocr_par' dir='ltr' id='par_1_16' title="bbox 223 4718 1904 4796">
     <span class='ocr_line' id='line_1_36' title="bbox 223 4718 1904 4796; baseline -0.004 -11"><span class='ocrx_word' id='word_1_371' title='bbox 223 4749 250 4786; x_wconf 90' lang='lat' dir='ltr'><strong>v.</strong></span> <span class='ocrx_word' id='word_1_372' title='bbox 264 4725 326 4784; x_wconf 85' lang='lat' dir='ltr'><strong>Jcr.</strong></span> <span class='ocrx_word' id='word_1_373' title='bbox 340 4724 383 4783; x_wconf 88' lang='grc'><strong>11.</strong></span> <span class='ocrx_word' id='word_1_374' title='bbox 399 4726 454 4782; x_wconf 84' lang='grc'>261</span> <span class='ocrx_word' id='word_1_375' title='bbox 481 4725 581 4781; x_wconf 66' lang='lat' dir='ltr'><strong>noti.</strong></span> <span class='ocrx_word' id='word_1_376' title='bbox 616 4719 661 4776; x_wconf 78' lang='lat' dir='ltr'><strong>cf.</strong></span> <span class='ocrx_word' id='word_1_377' title='bbox 678 4718 830 4777; x_wconf 80' lang='lat' dir='ltr'><strong>Robinson</strong></span> <span class='ocrx_word' id='word_1_378' title='bbox 844 4718 907 4778; x_wconf 89' lang='lat' dir='ltr'><strong>Pal.</strong></span> <span class='ocrx_word' id='word_1_379' title='bbox 922 4720 959 4778; x_wconf 90' lang='lat' dir='ltr'><strong>ll.</strong></span> <span class='ocrx_word' id='word_1_380' title='bbox 977 4724 1041 4779; x_wconf 80' lang='grc'>178.</span> <span class='ocrx_word' id='word_1_381' title='bbox 1147 4729 1218 4794; x_wconf 83' lang='grc'>514)</span> <span class='ocrx_word' id='word_1_382' title='bbox 1245 4723 1353 4781; x_wconf 73' lang='lat' dir='ltr'><strong>Getica</strong></span> <span class='ocrx_word' id='word_1_383' title='bbox 1371 4722 1481 4796; x_wconf 82' lang='lat' dir='ltr'><strong>Soulia]</strong></span> <span class='ocrx_word' id='word_1_384' title='bbox 1506 4720 1602 4779; x_wconf 88' lang='lat' dir='ltr'><strong>Gibea</strong></span> <span class='ocrx_word' id='word_1_385' title='bbox 1615 4720 1778 4790; x_wconf 89' lang='lat' dir='ltr'><strong>Beniamin,</strong></span> <span class='ocrx_word' id='word_1_386' title='bbox 1800 4739 1904 4779; x_wconf 87' lang='lat' dir='ltr'><strong>recens</strong></span> 
     </span>
    </p>

    <p class='ocr_par' dir='ltr' id='par_1_17' title="bbox 224 4816 1904 4999">
     <span class='ocr_line' id='line_1_37' title="bbox 286 4816 1901 4899; baseline -0.002 -15"><span class='ocrx_word' id='word_1_387' title='bbox 286 4829 356 4884; x_wconf 85' lang='grc'>540)</span> <span class='ocrx_word' id='word_1_388' title='bbox 376 4842 457 4879; x_wconf 65' lang='lat' dir='ltr'><strong>creona</strong></span> <span class='ocrx_word' id='word_1_389' title='bbox 483 4819 569 4893; x_wconf 76' lang='lat' dir='ltr'><strong>Oion]</strong></span> <span class='ocrx_word' id='word_1_390' title='bbox 599 4818 714 4875; x_wconf 85' lang='lat' dir='ltr'><strong>Nomen</strong></span> <span class='ocrx_word' id='word_1_391' title='bbox 745 4816 800 4874; x_wconf 87' lang='lat' dir='ltr'><strong>hoc</strong></span> <span class='ocrx_word' id='word_1_392' title='bbox 824 4818 931 4894; x_wconf 86' lang='lat' dir='ltr'><strong>primus</strong></span> <span class='ocrx_word' id='word_1_393' title='bbox 954 4816 1043 4876; x_wconf 85' lang='lat' dir='ltr'><strong>habet</strong></span> <span class='ocrx_word' id='word_1_394' title='bbox 1085 4820 1302 4881; x_wconf 87' lang='lat' dir='ltr'><strong>cd·Dscl1ebah.</strong></span> <span class='ocrx_word' id='word_1_395' title='bbox 1337 4820 1371 4879; x_wconf 86' lang='lat' dir='ltr'><strong>V.</strong></span> <span class='ocrx_word' id='word_1_396' title='bbox 1396 4821 1508 4879; x_wconf 78' lang='lat' dir='ltr'><strong>Tables</strong></span> <span class='ocrx_word' id='word_1_397' title='bbox 1531 4826 1559 4880; x_wconf 88' lang='grc'><strong>3.</strong></span> <span class='ocrx_word' id='word_1_398' title='bbox 1580 4818 1774 4896; x_wconf 83' lang='lat' dir='ltr'><strong>Wanderung</strong></span> <span class='ocrx_word' id='word_1_399' title='bbox 1795 4841 1823 4899; x_wconf 86' lang='lat' dir='ltr'><strong>p.</strong></span> <span class='ocrx_word' id='word_1_400' title='bbox 1844 4826 1901 4881; x_wconf 83' lang='grc'><strong>157</strong></span> 
     </span>
     <span class='ocr_line' id='line_1_38' title="bbox 224 4915 1904 4999; baseline -0.002 -18"><span class='ocrx_word' id='word_1_401' title='bbox 224 4923 409 4981; x_wconf 89' lang='lat' dir='ltr'><strong>Burchardus</strong></span> <span class='ocrx_word' id='word_1_402' title='bbox 431 4930 550 4977; x_wconf 88' lang='lat' dir='ltr'><strong>auctore</strong></span> <span class='ocrx_word' id='word_1_403' title='bbox 572 4916 693 4975; x_wconf 80' lang='lat' dir='ltr'><strong>llobins.</strong></span> <span class='ocrx_word' id='word_1_404' title='bbox 735 4915 931 4974; x_wconf 66' lang='grc'>15511125.</span> <span class='ocrx_word' id='word_1_405' title='bbox 1084 4942 1127 4999; x_wconf 89' lang='lat' dir='ltr'><strong>sq.</strong></span> <span class='ocrx_word' id='word_1_406' title='bbox 1171 4920 1409 4991; x_wconf 87' lang='lat' dir='ltr'><strong>Vandeveldius,</strong></span> <span class='ocrx_word' id='word_1_407' title='bbox 1431 4922 1481 4999; x_wconf 87' lang='lat' dir='ltr'><strong>qui</strong></span> <span class='ocrx_word' id='word_1_408' title='bbox 1502 4918 1628 4978; x_wconf 87' lang='lat' dir='ltr'><strong>Gibeam</strong></span> <span class='ocrx_word' id='word_1_409' title='bbox 1652 4938 1718 4976; x_wconf 91' lang='lat' dir='ltr'><strong>cum</strong></span> <span class='ocrx_word' id='word_1_410' title='bbox 1740 4918 1841 4978; x_wconf 85' lang='lat' dir='ltr'><strong>Tuleil</strong></span> <span class='ocrx_word' id='word_1_411' title='bbox 1863 4918 1904 4979; x_wconf 84' lang='lat' dir='ltr'><strong>el·</strong></span> 
     </span>
    </p>

    <p class='ocr_par' dir='ltr' id='par_1_18' title="bbox 226 5014 1903 5201">
     <span class='ocr_line' id='line_1_39' title="bbox 288 5014 1903 5098; baseline -0.002 -17"><span class='ocrx_word' id='word_1_412' title='bbox 288 5029 359 5095; x_wconf 78' lang='grc'>511)</span> <span class='ocrx_word' id='word_1_413' title='bbox 388 5022 556 5097; x_wconf 78' lang='lat' dir='ltr'><strong>sepulerum</strong></span> <span class='ocrx_word' id='word_1_414' title='bbox 586 5015 728 5089; x_wconf 82' lang='lat' dir='ltr'><strong>Helenae]</strong></span> <span class='ocrx_word' id='word_1_415' title='bbox 770 5014 805 5073; x_wconf 92' lang='lat' dir='ltr'><strong>V.</strong></span> <span class='ocrx_word' id='word_1_416' title='bbox 837 5014 951 5072; x_wconf 85' lang='lat' dir='ltr'><strong>Toblcr</strong></span> <span class='ocrx_word' id='word_1_417' title='bbox 981 5016 1041 5074; x_wconf 83' lang='lat' dir='ltr'><strong>To·</strong></span> <span class='ocrx_word' id='word_1_418' title='bbox 1083 5021 1139 5077; x_wconf 81' lang='lat' dir='ltr'><strong>Ful</strong></span> <span class='ocrx_word' id='word_1_419' title='bbox 1173 5021 1337 5098; x_wconf 88' lang='lat' dir='ltr'><strong>componit,</strong></span> <span class='ocrx_word' id='word_1_420' title='bbox 1368 5039 1463 5077; x_wconf 90' lang='lat' dir='ltr'><strong>errare</strong></span> <span class='ocrx_word' id='word_1_421' title='bbox 1488 5019 1617 5091; x_wconf 87' lang='lat' dir='ltr'><strong>videtur,</strong></span> <span class='ocrx_word' id='word_1_422' title='bbox 1644 5037 1755 5096; x_wconf 90' lang='lat' dir='ltr'><strong>nosque</strong></span> <span class='ocrx_word' id='word_1_423' title='bbox 1778 5038 1844 5077; x_wconf 91' lang='lat' dir='ltr'><strong>cum</strong></span> <span class='ocrx_word' id='word_1_424' title='bbox 1866 5038 1903 5078; x_wconf 87' lang='lat' dir='ltr'><strong>co</strong></span> 
     </span>
     <span class='ocr_line' id='line_1_40' title="bbox 226 5118 1245 5201; baseline -0.007 -23"><span class='ocrx_word' id='word_1_425' title='bbox 226 5142 307 5201; x_wconf 84' lang='lat' dir='ltr'><strong>pogr.</strong></span> <span class='ocrx_word' id='word_1_426' title='bbox 329 5142 358 5179; x_wconf 85' lang='lat' dir='ltr'><strong>v.</strong></span> <span class='ocrx_word' id='word_1_427' title='bbox 379 5120 478 5179; x_wconf 81' lang='lat' dir='ltr'><strong>Jerus.</strong></span> <span class='ocrx_word' id='word_1_428' title='bbox 501 5119 541 5177; x_wconf 94' lang='lat' dir='ltr'><strong>II.</strong></span> <span class='ocrx_word' id='word_1_429' title='bbox 565 5120 738 5175; x_wconf 77' lang='lat'>299—301.</span> <span class='ocrx_word' id='word_1_430' title='bbox 763 5118 832 5173; x_wconf 88' lang='grc'><strong>303.</strong></span> <span class='ocrx_word' id='word_1_431' title='bbox 1083 5131 1153 5176; x_wconf 81' lang='lat' dir='ltr'><strong>nota</strong></span> <span class='ocrx_word' id='word_1_432' title='bbox 1178 5125 1245 5178; x_wconf 83' lang='grc'>371,</span> 
     </span>
    </p>

    <p class='ocr_par' dir='ltr' id='par_1_19' title="bbox 226 5209 1905 5495">
     <span class='ocr_line' id='line_1_41' title="bbox 289 5209 1902 5292; baseline -0.002 -13"><span class='ocrx_word' id='word_1_433' title='bbox 289 5225 360 5290; x_wconf 77' lang='grc'>542)</span> <span class='ocrx_word' id='word_1_434' title='bbox 383 5229 408 5275; x_wconf 84' lang='lat' dir='ltr'><strong>et</strong></span> <span class='ocrx_word' id='word_1_435' title='bbox 431 5239 512 5275; x_wconf 71' lang='lat' dir='ltr'><strong>tuom</strong></span> <span class='ocrx_word' id='word_1_436' title='bbox 534 5215 621 5290; x_wconf 71' lang='lat' dir='ltr'><strong>alites}</strong></span> <span class='ocrx_word' id='word_1_437' title='bbox 652 5233 754 5271; x_wconf 87' lang='lat' dir='ltr'><strong>recens</strong></span> <span class='ocrx_word' id='word_1_438' title='bbox 772 5209 1041 5285; x_wconf 74' lang='lat' dir='ltr'><strong>Karemcs-Seir&#39;rd,</strong></span> <span class='ocrx_word' id='word_1_439' title='bbox 1147 5221 1218 5288; x_wconf 78' lang='grc'>515)</span> <span class='ocrx_word' id='word_1_440' title='bbox 1240 5217 1374 5292; x_wconf 78' lang='lat' dir='ltr'><strong>Gabaon]</strong></span> <span class='ocrx_word' id='word_1_441' title='bbox 1397 5216 1640 5284; x_wconf 81' lang='lat' dir='ltr'><strong>Gibeon,rcceus</strong></span> <span class='ocrx_word' id='word_1_442' title='bbox 1660 5213 1836 5277; x_wconf 82' lang='lat' dir='ltr'><strong>ed-Dschib.</strong></span> <span class='ocrx_word' id='word_1_443' title='bbox 1865 5214 1902 5276; x_wconf 92' lang='lat' dir='ltr'><strong>V.</strong></span> 
     </span>
     <span class='ocr_line' id='line_1_42' title="bbox 226 5310 1905 5395; baseline -0.002 -19"><span class='ocrx_word' id='word_1_444' title='bbox 226 5319 289 5377; x_wconf 90' lang='lat' dir='ltr'><strong>Viri</strong></span> <span class='ocrx_word' id='word_1_445' title='bbox 312 5317 445 5376; x_wconf 84' lang='lat' dir='ltr'><strong>Galiluei.</strong></span> <span class='ocrx_word' id='word_1_446' title='bbox 492 5316 526 5375; x_wconf 90' lang='lat' dir='ltr'><strong>V.</strong></span> <span class='ocrx_word' id='word_1_447' title='bbox 555 5314 669 5373; x_wconf 81' lang='lat' dir='ltr'><strong>&#39;Pobler</strong></span> <span class='ocrx_word' id='word_1_448' title='bbox 698 5314 753 5371; x_wconf 88' lang='lat' dir='ltr'><strong>Dic</strong></span> <span class='ocrx_word' id='word_1_449' title='bbox 782 5310 984 5391; x_wconf 80' lang='lat' dir='ltr'><strong>Siloahquelle</strong></span> <span class='ocrx_word' id='word_1_450' title='bbox 1013 5335 1039 5374; x_wconf 92' lang='lat' dir='ltr'><strong>u.</strong></span> <span class='ocrx_word' id='word_1_451' title='bbox 1085 5316 1197 5375; x_wconf 81' lang='lat' dir='ltr'><strong>&#39;I&#39;obler</strong></span> <span class='ocrx_word' id='word_1_452' title='bbox 1221 5315 1352 5395; x_wconf 75' lang='lat' dir='ltr'><strong>&#39;l&#39;opogu</strong></span> <span class='ocrx_word' id='word_1_453' title='bbox 1384 5339 1410 5377; x_wconf 85' lang='lat' dir='ltr'><strong>v.</strong></span> <span class='ocrx_word' id='word_1_454' title='bbox 1433 5317 1531 5375; x_wconf 88' lang='lat' dir='ltr'><strong>Jerus.</strong></span> <span class='ocrx_word' id='word_1_455' title='bbox 1551 5316 1591 5374; x_wconf 92' lang='lat' dir='ltr'><strong>II.</strong></span> <span class='ocrx_word' id='word_1_456' title='bbox 1614 5321 1672 5375; x_wconf 78' lang='grc'><strong>515</strong></span> <span class='ocrx_word' id='word_1_457' title='bbox 1696 5333 1740 5392; x_wconf 81' lang='lat' dir='ltr'><strong>sq.</strong></span> <span class='ocrx_word' id='word_1_458' title='bbox 1783 5312 1821 5374; x_wconf 89' lang='lat' dir='ltr'><strong>V.</strong></span> <span class='ocrx_word' id='word_1_459' title='bbox 1843 5333 1905 5374; x_wconf 84' lang='lat' dir='ltr'><strong>van</strong></span> 
     </span>
     <span class='ocr_line' id='line_1_43' title="bbox 226 5413 1851 5495; baseline -0.002 -19"><span class='ocrx_word' id='word_1_460' title='bbox 226 5418 278 5477; x_wconf 87' lang='lat' dir='ltr'><strong>der</strong></span> <span class='ocrx_word' id='word_1_461' title='bbox 300 5416 430 5492; x_wconf 78' lang='lat' dir='ltr'><strong>Oelbsrg</strong></span> <span class='ocrx_word' id='word_1_462' title='bbox 452 5436 479 5493; x_wconf 94' lang='lat' dir='ltr'><strong>p.</strong></span> <span class='ocrx_word' id='word_1_463' title='bbox 507 5420 636 5483; x_wconf 83' lang='lat'><strong>72-77‚</strong></span> <span class='ocrx_word' id='word_1_464' title='bbox 658 5413 798 5490; x_wconf 78' lang='lat' dir='ltr'><strong>imprimis</strong></span> <span class='ocrx_word' id='word_1_465' title='bbox 820 5432 848 5490; x_wconf 91' lang='lat' dir='ltr'><strong>p.</strong></span> <span class='ocrx_word' id='word_1_466' title='bbox 871 5419 917 5472; x_wconf 87' lang='grc'><strong>74.</strong></span> <span class='ocrx_word' id='word_1_467' title='bbox 1086 5415 1122 5474; x_wconf 86' lang='lat' dir='ltr'><strong>de</strong></span> <span class='ocrx_word' id='word_1_468' title='bbox 1143 5414 1238 5473; x_wconf 89' lang='lat' dir='ltr'><strong>Veldc</strong></span> <span class='ocrx_word' id='word_1_469' title='bbox 1262 5416 1349 5474; x_wconf 86' lang='lat' dir='ltr'><strong>Mem.</strong></span> <span class='ocrx_word' id='word_1_470' title='bbox 1373 5420 1431 5476; x_wconf 87' lang='grc'>315</span> <span class='ocrx_word' id='word_1_471' title='bbox 1452 5436 1494 5495; x_wconf 86' lang='lat' dir='ltr'><strong>sq.</strong></span> <span class='ocrx_word' id='word_1_472' title='bbox 1532 5437 1557 5474; x_wconf 88' lang='lat' dir='ltr'><strong>v.</strong></span> <span class='ocrx_word' id='word_1_473' title='bbox 1580 5414 1708 5472; x_wconf 85' lang='lat' dir='ltr'><strong>Raumer</strong></span> <span class='ocrx_word' id='word_1_474' title='bbox 1727 5434 1757 5492; x_wconf 91' lang='lat' dir='ltr'><strong>p.</strong></span> <span class='ocrx_word' id='word_1_475' title='bbox 1783 5416 1851 5473; x_wconf 83' lang='lat'><strong>178.</strong></span> 
     </span>
    </p>

    <p class='ocr_par' dir='ltr' id='par_1_20' title="bbox 227 5511 1904 5693">
     <span class='ocr_line' id='line_1_44' title="bbox 291 5511 1904 5591; baseline 0.002 -21"><span class='ocrx_word' id='word_1_476' title='bbox 291 5520 362 5587; x_wconf 83' lang='grc'>543)</span> <span class='ocrx_word' id='word_1_477' title='bbox 384 5533 465 5571; x_wconf 78' lang='lat' dir='ltr'><strong>mona</strong></span> <span class='ocrx_word' id='word_1_478' title='bbox 488 5514 558 5587; x_wconf 84' lang='lat' dir='ltr'><strong>Silo]</strong></span> <span class='ocrx_word' id='word_1_479' title='bbox 594 5512 648 5570; x_wconf 82' lang='lat' dir='ltr'><strong>Est</strong></span> <span class='ocrx_word' id='word_1_480' title='bbox 668 5514 789 5591; x_wconf 81' lang='lat' dir='ltr'><strong>antiqua</strong></span> <span class='ocrx_word' id='word_1_481' title='bbox 809 5512 926 5590; x_wconf 83' lang='lat' dir='ltr'><strong>Mizpa,</strong></span> <span class='ocrx_word' id='word_1_482' title='bbox 960 5534 1043 5572; x_wconf 87' lang='lat' dir='ltr'><strong>mous</strong></span> <span class='ocrx_word' id='word_1_483' title='bbox 1150 5520 1221 5585; x_wconf 79' lang='grc'>515)</span> <span class='ocrx_word' id='word_1_484' title='bbox 1243 5518 1386 5572; x_wconf 70' lang='lat' dir='ltr'><strong>arcelaum</strong></span> <span class='ocrx_word' id='word_1_485' title='bbox 1400 5514 1568 5588; x_wconf 70' lang='lat' dir='ltr'><strong>enaaeimum]</strong></span> <span class='ocrx_word' id='word_1_486' title='bbox 1591 5513 1707 5570; x_wconf 85' lang='lat' dir='ltr'><strong>Nomen</strong></span> <span class='ocrx_word' id='word_1_487' title='bbox 1720 5511 1904 5574; x_wconf 76' lang='lat' dir='ltr'><strong>eeeeleinl.</strong></span> 
     </span>
     <span class='ocr_line' id='line_1_45' title="bbox 227 5611 1567 5693; baseline -0.001 -19"><span class='ocrx_word' id='word_1_488' title='bbox 227 5614 344 5684; x_wconf 87' lang='lat' dir='ltr'><strong>Gaudii,</strong></span> <span class='ocrx_word' id='word_1_489' title='bbox 374 5612 491 5671; x_wconf 85' lang='lat' dir='ltr'><strong>arabice</strong></span> <span class='ocrx_word' id='word_1_490' title='bbox 514 5611 641 5670; x_wconf 85' lang='lat' dir='ltr'><strong>en-Nebi</strong></span> <span class='ocrx_word' id='word_1_491' title='bbox 658 5611 791 5686; x_wconf 83' lang='lat' dir='ltr'><strong>Sumwil,</strong></span> <span class='ocrx_word' id='word_1_492' title='bbox 812 5613 829 5673; x_wconf 82' lang='lat' dir='ltr'><strong>i.</strong></span> <span class='ocrx_word' id='word_1_493' title='bbox 851 5632 877 5670; x_wconf 87' lang='lat' dir='ltr'><strong>e.</strong></span> <span class='ocrx_word' id='word_1_494' title='bbox 901 5614 1044 5691; x_wconf 88' lang='lat' dir='ltr'><strong>propheta</strong></span> <span class='ocrx_word' id='word_1_495' title='bbox 1087 5636 1138 5693; x_wconf 87' lang='lat' dir='ltr'><strong>pro</strong></span> <span class='ocrx_word' id='word_1_496' title='bbox 1161 5613 1343 5672; x_wconf 87' lang='lat' dir='ltr'><strong>substantivo</strong></span> <span class='ocrx_word' id='word_1_497' title='bbox 1366 5616 1492 5691; x_wconf 84' lang='lat' dir='ltr'><strong>positum</strong></span> <span class='ocrx_word' id='word_1_498' title='bbox 1515 5623 1567 5672; x_wconf 87' lang='lat' dir='ltr'><strong>cst.</strong></span> 
     </span>
    </p>
   </div>
   <div class='ocr_carea' id='block_1_7' title="bbox 0 0 2125 6096">
    <p class='ocr_par' dir='ltr' id='par_1_21' title="bbox 0 0 2125 6096">
     <span class='ocr_line' id='line_1_46' title="bbox 0 0 2125 6096; baseline 0 0"><span class='ocrx_word' id='word_1_499' title='bbox 0 0 2125 6096; x_wconf 95' lang='lat' dir='ltr'><strong> </strong></span> 
     </span>
    </p>
   </div>
  </div>
 </body>
</html>
