4214 6096
1010 343 1048 403 57

190 522 328 603 limm),
350 542 416 587 non
434 518 530 605 longe
551 542 570 584 a
593 530 700 585 castro
724 517 845 604 Sephet
866 520 967 584 tercia
989 528 1038 582 est
1058 524 1136 601 ista3
1160 531 1276 606 quarta
1298 518 1414 595 Siloa),
1436 540 1499 604 que
1521 517 1668 583 similiter
1690 518 1864 587 Romanu

191 636 319 702 dieitur.
362 641 462 699 Roma
483 645 593 701 antem
615 641 760 699 excelsum
780 636 1022 721 interpretatur,
1044 646 1075 700 et
1096 657 1210 700 reuera
1233 659 1342 701 omnes
1365 638 1428 700 iste
1450 634 1525 699 uille
1548 637 1581 698 in
1602 632 1737 699 collibus
1759 633 1865 697 excel·

188 753 236 817 sis
259 761 333 816 sunt
356 753 426 816 site.

314 867 367 932 De
390 866 518 931 Sichem
540 868 638 951 igitur
660 865 865 953 procedendo
888 878 1003 931 contra
1024 879 1168 932 austrum
1191 867 1233 932 ad
1254 866 1427 931 Iordanem
1449 869 1554 953 primo
1577 865 1620 930 ad
1641 876 1779 952 quatuor
1801 863 1865 927 leu-
1884 870 1913 920 31

190 1004 247 1049 eas
270 996 321 1048 est
342 983 505 1058 Emon³³⁸)
527 982 676 1068 opidum,
704 981 799 1046 ualde
829 982 968 1059 bonum,
999 1007 1113 1047 ameno
1138 982 1209 1048 loco
1233 984 1347 1064 situm,
1377 981 1569 1046 habundans
1598 980 1745 1046 omnibus
1772 978 1866 1044 bonis

191 1098 315 1163 mundi.
357 1099 402 1163 Et
423 1098 483 1162 fuit
506 1097 546 1162 de
566 1110 652 1163 sorte
674 1098 831 1183 Effraym.

316 1214 369 1278 Dc
391 1213 496 1278 Emon
519 1213 562 1278 ad
585 1226 721 1300 quatuor
743 1213 851 1278 leucas
874 1225 987 1278 contra
1008 1217 1172 1296 orientem,
1193 1215 1227 1277 in
1249 1213 1407 1278 descensu
1429 1216 1546 1280 montis
1569 1212 1768 1298 Effrayml),
1790 1211 1868 1277 dua-
1885 1225 1917 1276 3²

191 1328 257 1394 bus·
274 1328 376 1394 leucis
399 1353 418 1393 a
439 1330 579 1395 Iordane
600 1333 634 1394 in
657 1328 894 1414 campestribus
921 1342 970 1394 est
993 1336 1122 1393 Pltesecb
1137 1332 1194 1407 ³⁷⁹)
1225 1329 1352 1409 casale,
1384 1330 1439 1394 ubi
1467 1343 1594 1395 torrens
1618 1329 1792 1403 Caritt³t0t
1815 1327 1868 1391 de·

191 1444 318 1510 scendit
347 1444 387 1509 de
416 1428 539 1510 rnonte:
569 1448 602 1509 in
628 1468 690 1530 quo
724 1447 842 1509 mansit
866 1445 995 1526 Helias,
1022 1445 1151 1532 qnando
1178 1447 1267 1510 corni
1297 1444 1487 1510 deferebant
1518 1448 1547 1510 ei
1578 1445 1684 1509 cibum
1711 1465 1807 1507 mane
1838 1454 1870 1507 et

194 1582 341 1647 uespere.

319 1676 371 1740 De
392 1676 539 1741 Phesech
572 1675 614 1740 ad
641 1699 740 1741 unam
768 1677 894 1741 leucam
917 1676 958 1741 ad
988 1678 1151 1741 sinistram
1180 1698 1294 1741 uersus
1316 1688 1436 1741 terram
1460 1676 1627 1762 Taphnot)
1657 1688 1705 1741 est
1727 1685 1870 1740 castrum
1887 1681 1919 1732 ³3

196 1792 369 1873 noctua,
399 1797 433 1856 in
465 1814 528 1878 quo
550 1792 735 1856 Ptolomeus
745 1796 788 1874 d),
820 1792 905 1857 filius
933 1791 1060 1867 Abobi,
1088 1791 1242 1856 insidiose
1271 1794 1357 1878 cepit
1381 1792 1544 1857 Simonem
1564 1791 1790 1857 Machabenm.
1831 1791 1871 1855 In

197 1907 268 1973 loco
289 1909 352 1973 isto
375 1907 509 1972 multum
532 1907 628 1994 plane
651 1907 779 1972 uidetur
802 1917 889 1973 terra
911 1907 1041 1972 Galaad
1063 1920 1094 1971 et
1117 1907 1254 1971 duarum
1277 1909 1419 1973 tribuum
1443 1919 1474 1973 et
1496 1907 1648 1988 dimidie,
1680 1922 1768 1973 terra
1789 1907 1869 1972 Ese-

196 2023 259 2088 bon
280 2036 312 2087 et
333 2035 485 2088 montana
506 2023 618 2103 Moab,
643 2048 735 2089 mons
757 2024 923 2102 Abarim0)
946 2035 977 2088 ct
996 2023 1160 2108 Pliasgaf)
1183 2036 1214 2086 et
1238 2024 1337 2088 Nube.

319 2138 362 2203 Et
390 2138 597 2204 descenditur
625 2138 678 2204 hie
706 2142 739 2203 iu
767 2142 962 2226 campestria
983 2138 1142 2203 Iordanis.
1186 2140 1229 2203 Et
1256 2154 1329 2203 sunt
1350 2140 1422 2204 loca
1445 2139 1544 2226 plana
1565 2141 1722 2226 usquein
1744 2138 1870 2203 Iericho

197 2266 229 2318 et
258 2254 343 2319 ultra
364 2278 423 2341 per
444 2268 545 2319 totum
567 2255 756 2319 descensum
777 2255 926 2320 Iordanis
950 2255 1115 2342 usquead
1138 2278 1227 2319 mare
1250 2255 1468 2331 salinarum).
1510 2254 1636 2319 Montes
1659 2256 1762 2319 eciam
1784 2254 1870 2318 Aba·

196 2371 259 2434 rim
279 2382 311 2435 et
332 2370 461 2455 Plregor
483 2382 514 2434 et
534 2369 666 2455 Phasga
688 2382 761 2434 sunt
783 2372 904 2435 directo
926 2384 1039 2434 contra
1062 2371 1166 2435 locum
1189 2373 1285 2434 istum
1314 2381 1346 2435 et
1369 2370 1453 2434 ultra
1474 2371 1655 2435 Iordanem.
1697 2370 1870 2434 Sciendum

197 2487 315 2567 eciam,
344 2485 431 2572 quod
457 2487 499 2550 ab
523 2498 595 2550 ortu
614 2486 764 2551 Iordanis
791 2488 851 2551 sub
872 2497 979 2551 monte
1000 2486 1128 2550 Libano
1151 2510 1251 2574 usque
1273 2487 1316 2550 ad
1338 2486 1502 2551 desertum
1522 2486 1654 2550 Pharan
1673 2489 1741 2550 iere
1763 2507 1821 2572 per
1844 2485 1870 2550 O

199 2600 339 2666 miliaria
369 2616 400 2665 et
432 2601 570 2687 amplius
601 2603 672 2687 ipsc
691 2601 841 2667 Iordanis
871 2605 904 2666 in
925 2614 1060 2689 utroque
1081 2602 1188 2667 littore
1209 2624 1341 2688 carnpos
1363 2602 1447 2667 latos
1470 2615 1501 2667 et
1523 2624 1653 2666 arrienos
1676 2600 1784 2665 habet.
1827 2601 1872 2664 Et

198 2729 312 2802 postea
332 2716 419 2781 idem
442 2719 550 2802 campi
573 2717 815 2782 circumdantur
837 2719 1000 2783 montibus
1023 2718 1189 2782 altissimis
1211 2719 1383 2783 hincinde
1405 2741 1506 2804 usque
1528 2717 1571 2781 ad
1590 2740 1680 2781 mare
1703 2717 1845 2781 rubrum.

319 2832 373 2897 De
391 2832 538 2898 Phcseclr
565 2834 632 2897 fere
663 2846 776 2898 contra
802 2848 964 2915 austrum,
995 2834 1053 2898 sed
1082 2845 1188 2899 tamen
1222 2834 1423 2907 declinando.
1443 2857 1558 2920 parum
1587 2833 1806 2898 adorientem
1829 2833 1921 2897 adst

198 2950 337 3034 quinque
365 2949 474 3013 leucas
506 2962 554 3014 cst
575 2949 666 3013 locus
687 2948 941 3030 eurynome),
969 2949 1022 3013 ubi
1051 2950 1146 3035 longo
1177 2963 1322 3036 tempore
1349 2953 1568 3015 castrametati
1596 2962 1671 3014 sunt
1691 2948 1749 3013 filii
1770 2947 1872 3013 Israel

205 3066 341 3128 transito
362 3064 509 3129 Iordane.
551 3065 595 3128 Et
618 3067 748 3129 fuerunt
768 3066 889 3129 ibidem
912 3065 1044 3149 quidam
1066 3089 1107 3130 ex
1130 3070 1177 3130 eis
1200 3069 1390 3131 circumcisi.

323 3180 376 3245 De
399 3179 546 3265 Galgalis
581 3181 622 3244 ad
654 3181 821 3245 dimidiam
850 3182 976 3246 leucam
1006 3182 1110 3246 eundo
1137 3184 1171 3247 in
1198 3184 1323 3248 lerieho
1355 3183 1397 3247 ad
1428 3183 1578 3246 dextram
1606 3181 1690 3246 ultra
1718 3183 1803 3245 triam
1826 3193 1874 3243 est
1891 3200 1923 3249 35

198 3317 290 3360 mons
318 3298 608 3375 Quarentenoljffi)
631 3298 752 3379 dictus,
779 3297 836 3362 ubi
857 3298 1016 3364 Dominus
1039 3299 1256 3385 quadraginta
1276 3299 1389 3363 diebus
1410 3312 1441 3363 et
1460 3298 1609 3363 tractibus
1631 3301 1801 3380 ieiunauit,
1829 3298 1874 3363 al·

265 3465 293 3529 a)
310 3468 408 3528 qrmrtc
427 3469 466 3514 eat
483 3462 545 3528 istu,
564 3463 660 3530 quintu
677 3462 737 3529 aglo
755 3459 794 3516 St.
814 3463 899 3516 tercia
917 3462 975 3527 (sed
992 3477 1006 3514 e
1024 3462 1192 3530 correctura)
1211 3471 1249 3516 eat
1264 3463 1337 3532 [istu]
1360 3463 1418 3528 (sed
1436 3464 1630 3527 caracellatum)
1650 3463 1816 3516 rmrmtltat'm
1835 3463 1874 3530 (in

335 3545 458 3614 margine
477 3545 637 3614 ascriptum)
655 3553 754 3614 quarta
772 3545 831 3613 sylo
852 3543 876 3599 h.
895 3575 927 3583 —
953 3544 982 3613 b)
1002 3545 1094 3598 Verba
1111 3547 1156 3598 De
1177 3546 1267 3600 Emori
1284 3549 1325 3600 od
1339 3548 1384 3599 11⁷
1401 3548 1492 3601 lutcus
1511 3578 1544 3586 —-
1561 3549 1659 3600 arorites
1678 3551 1802 3618 effraym
1821 3564 1874 3601 om.

332 3629 379 3687 St..
401 3627 485 3681 habet
507 3626 531 3678 1ι.
550 3658 583 3666 -
606 3633 631 3701 c)
651 3631 745 3698 tltepue
765 3627 804 3682 st.
824 3627 1144 3697 ῃ(1)ῙιΙιι-Ιοιιιιιι31133
1160 3630 1256 3683 ubotlri
1271 3629 1308 3684 St.
1337 3663 1368 3669 -
1395 3634 1420 3700 e)
1436 3633 1550 3699 ulrroym
1569 3634 1607 3686 St.
1628 3661 1659 3670 -
1684 3629 1711 3691 1)
1725 3649 1814 3700 poam
1835 3632 1873 3685 St.

334 3740 363 3749 -
382 3712 412 3781 g)
428 3711 618 3795 silrtarumSt.
637 3713 790 3766 salinorum
807 3710 832 3765 h.
852 3742 885 3750 —
904 3709 932 3775 h)
949 3712 1047 3778 popule
1065 3712 1105 3766 St.
1118 3745 1149 3752 -
1168 3712 1187 3781 ἰ)
1204 3723 1350 3768 carentena
1369 3718 1408 3768 St.

266 3869 338 3939 376)
359 3867 422 3924 aliu
446 3869 477 3924 in
499 3867 576 3924 tribu
599 3866 759 3941 Neptulim]
793 3864 878 3923 Haec
904 3876 948 3924 est
967 3885 1018 3923 arr·
1122 3872 1193 3940 381)
1215 3871 1306 3945 Dect]
1331 3863 1407 3942 Δῶκ,
1424 3870 1496 3940 Dor,
1511 3879 1752 3927 commemoratur
1766 3870 1781 3928 Ι
1795 3870 1876 3929 Mue-

198 3963 548 4043 tiquaRamah,1·ecens
571 3964 705 4028 Ranilelr.
745 3963 781 4022 V.
803 3964 907 4022 Iosuae
929 3963 1018 4024 XlX.
1060 3967 1124 4026 cab.
1151 3967 1236 4027 XVI.
1268 3976 1310 4029 15.
1355 3968 1423 4028 'Ain
1450 3968 1522 4026 Dok
1549 3971 1706 4026 etiamnum
1735 3981 1876 4028 monstra·

200 4066 249 4125 29·
272 4068 327 4137 363
355 4086 383 4124 ν.
406 4065 535 4123 Rautner
562 4085 590 4142 p.
618 4069 669 4123 197
701 4075 771 4121 nota
793 4068 867 4135 2393
895 4083 952 4121 van
981 4061 1018 4121 dc
1059 4078 1112 4127 tur.
1156 4067 1214 4125 Hic
1242 4088 1339 4128 rursus
1361 4065 1561 4127 Burehardum
1583 4080 1731 4127 auctorem
1754 4088 1878 4147 sequun-

201 4161 296 4222 Velde
317 4183 402 4224 mem.
424 4170 492 4223 311.
1059 4177 1106 4223 tm·
1126 4165 1220 4224 Rittsr
1240 4166 1300 4224 XV
1321 4168 1373 4238 (1).
1396 4174 1463 4236 460,
1486 4189 1512 4225 v.
1536 4167 1664 4225 Ranmer
1686 4189 1713 4247 p.
1741 4175 1805 4231 166.

267 4268 338 4337 377)
364 4264 427 4321 Silo
455 4283 510 4339 quc
538 4262 673 4320 similiter·
694 4262 802 4336 Rama]
832 4261 899 4320 Hac
925 4261 961 4320 dc
988 4282 1019 4321 re
1122 4269 1192 4333 382)Ι
1223 4268 1303 4322 locus
1335 4266 1471 4342 Golpole]
1506 4269 1560 4326 His
1589 4266 1749 4326 Burehardi
1780 4269 1877 4329 verbis

156 4344 160 4350 ³
197 4362 361 4440 geographi
384 4374 482 4420 tacere
501 4361 643 4420 videntur.
1062 4365 1150 4422 utitur
1170 4363 1265 4422 ltitter
1279 4365 1338 4423 XV
1354 4369 1407 4437 (1).
1432 4373 1499 4426 all.
1532 4369 1629 4424 Locus
1645 4366 1797 4443 (irrigatae,
1819 4389 1878 4427 uon

264 4464 336 4533 378)
360 4461 461 4535 Emori]
492 4460 570 4519 Villa
591 4461 714 4532 Emona,
737 4461 891 4530 Hemona,
915 4479 1020 4519 memo·
1062 4462 1140 4534 urbs,
1162 4477 1337 4522 memoratur
1358 4467 1445 4523 ctiam
1464 4485 1482 4523 a
1503 4465 1631 4544 loseplro
1653 4467 1722 4523 Ant.
1737 4467 1760 4527 I.
1782 4472 1809 4537 4,
1834 4473 1878 4527 ll.

199 4568 281 4617 ratur
302 4559 407 4619 losuae
429 4558 549 4623 XVIII,
572 4564 610 4620 24
641 4559 816 4636 eVulgata.
860 4560 945 4632 Quae
973 4559 1020 4618 he·
1063 4560 1111 4618 Ad
1135 4563 1256 4621 formam
1279 4566 1402 4622 nominis
1429 4564 1556 4639 Galpole
1578 4564 1655 4643 quod
1677 4566 1793 4633 attinet,
1820 4586 1878 4625 me·

201 4655 300 4717 braice
321 4656 426 4717 dicitnr
447 4664 522 4736 piar„
567 4658 627 4718 Sed
649 4660 698 4717 ubi
720 4660 769 4730 sit,
791 4659 945 4736 quaeritur.
1062 4660 1110 4718 dio
1137 4682 1211 4720 aevo
1240 4662 1343 4721 dicitur
1374 4664 1526 4738 (r'alqalo,
1562 4663 1724 4738 Golqolue.
1759 4684 1878 4725 numero

269 4762 339 4831 atu)
360 4758 498 4833 Pherecli]
521 4756 817 4836 unuqual'hasaelis,
834 4777 935 4816 recens
951 4758 1021 4817 Tell
1063 4760 1203 4835 singulari
1225 4762 1357 4820 fentinini
1379 4763 1509 4839 generis,
1542 4773 1571 4820 et
1595 4760 1740 4835 Goryaia,
1765 4762 1879 4839 (talpa-

200 4856 301 4915 Fasti}
314 4878 336 4915 s.
349 4856 562 4917 el·Audscl1elr.
579 4855 626 4916 Of.
639 4858 791 4917 Robinson
804 4859 842 4916 N.
855 4857 889 4917 F.
906 4879 932 4936 p.
946 4862 1021 4930 3843
1063 4860 1173 4925 lorum,
1206 4879 1325 4918 numero
1353 4860 1456 4939 plurali
1478 4862 1593 4937 generis
1615 4861 1753 4919 neutrius.
1798 4864 1880 4922 Anti-

200 4975 261 5014 van
283 4953 320 5013 de
343 4953 438 5014 Velde
461 4955 548 5014 llam.
572 4978 599 5035 p.
623 4963 690 5017 333.
733 4957 926 5035 Scriptionem
946 4955 1021 5015 Phe·
1063 4958 1159 5034 quitus
1192 4955 1295 5032 Gityot
1330 4959 1437 5017 dictum
1470 4979 1534 5018 esse
1568 4971 1689 5020 constat.
1743 4959 1880 5021 Ceterum

199 5053 272 5114 secli
302 5065 418 5114 tuemur
441 5054 541 5114 fonnis
569 5055 761 5127 el-Plrascha,
789 5055 1022 5134 el·Plrosszeyie‚
1064 5054 1286 5115 Vandeveldius
1311 5058 1341 5114 in
1370 5057 1470 5115 tabula
1497 5078 1596 5135 geogr.
1621 5070 1690 5118 sect.
1715 5061 1815 5121 5loco
1837 5082 1881 5122 re·

200 5173 277 5233 quas
298 5155 370 5211 citat
388 5153 481 5213 Rittcr
502 5153 563 5211 XV
585 5158 637 5225 (t).
660 5159 728 5216 458.
771 5153 894 5214 Carolus
916 5153 1022 5212 altau·
1064 5156 1139 5213 centi
1163 5154 1311 5214 lloharfer
1331 5156 1450 5215 ascribit
1473 5177 1580 5215 nomeu
1598 5155 1707 5234 Gilgal,
1728 5158 1808 5238 quod
1822 5161 1881 5219 Ro·

203 5272 266 5311 mer
286 5251 316 5311 h.
338 5253 356 5313 l.
378 5252 538 5312 Burehardi
560 5254 731 5312 auctoritate
753 5254 848 5311 utitur.
1065 5252 1169 5311 binson
1191 5252 1254 5312 Pal.
1277 5254 1318 5311 ll.
1341 5260 1399 5314 533
1422 5257 1452 5313 1η
1473 5266 1620 5315 recentem
1641 5257 1789 5317 er-Riltam
1813 5280 1880 5319 con-

246 5355 318 5423 380)
340 5350 453 5428 Caritb]
477 5354 626 5431 antiquum
646 5351 948 5422 Cerith,reccns’Ain
965 5353 1021 5410 Fa·
1064 5355 1163 5412 venire
1186 5362 1276 5431 putat.
1306 5352 1493 5411 Burelrardus
1514 5357 1642 5415 neutrius
1663 5356 1765 5415 hortun
1783 5380 1800 5415 a
1817 5378 1881 5436 par-

202 5452 266 5522 sitit,
288 5449 326 5510 de
348 5472 405 5530 qno
428 5473 455 5511 v.
477 5452 525 5510 111
547 5453 585 5525 (l)¹
605 5452 720 5527 Regum
738 5450 943 5510 XVll.3-7.
972 5449 1021 5508 Ad
1064 5452 1141 5511 tibus
1168 5461 1244 5511 stare
1271 5451 1399 5521 videtur,
1433 5473 1521 5531 quum
1551 5455 1648 5514 locum
1671 5456 1796 5537 Galgale
1823 5460 1880 5519 illis

202 5549 280 5609 lrnne
301 5551 398 5628 ipsum
417 5550 577 5609 Burehardi
600 5552 696 5610 locum
718 5550 879 5628 allegemur
904 5570 922 5608 a
942 5549 1021 5608 Van·
1064 5552 1196 5630 superins
1219 5562 1317 5629 ponat.
1360 5550 1426 5610 Vid.
1443 5554 1600 5612 sectionem
1624 5560 1661 5616 35
1683 5556 1839 5620 ineuntem.

202 5647 339 5710 develdio
362 5671 389 5728 p.
411 5656 478 5711 339.
1128 5656 1199 5717 383)
1226 5652 1434 5727 Quamnam]
1461 5673 1538 5712 nunc
1559 5653 1712 5713 Karautal.

1658 5772 1672 5821 8
