4214 6096
1058 352 1116 418 186

242 536 365 603 dietum
377 543 497 601 tentum
511 545 562 600 est
575 532 740 615 abrasum,
753 542 789 597 ut
801 532 887 598 inter
900 531 1008 618 ipsum
1023 541 1266 598 monumentum
1278 540 1312 596 et
1325 553 1418 596 suum
1432 529 1610 618 aliquando
1624 540 1844 612 eontentum⁸)
1854 532 1925 600 nul·

195 663 224 714 11
240 651 312 718 lum
330 646 472 717 medium
487 671 559 716 esse
572 648 733 732 uideatur,
754 658 787 715 st
800 646 910 714 aelesti
923 647 1038 733 gracia
1050 645 1263 713 custodiatur.
1298 643 1396 728 Quod
1411 647 1515 714 seium
1530 650 1697 715 2222221122
1711 672 1754 717 ax
1766 673 1806 718 eo
1819 652 1927 718 eonsi-

243 767 359 834 derare
372 787 555 854 possumus,
567 766 645 851 quia
655 773 750 832 noete
760 763 882 853 pasche
894 781 982 826 sacer
995 767 1073 843 ipsis
1083 784 1144 850 per
1156 761 1308 828 celestem
1319 763 1474 830 nunoium
1484 763 1553 831 illio
1563 770 1734 854 apportari
1745 773 1927 838 eousuanit.

196 897 226 949 12
365 881 411 948 Et
431 881 609 964 sciendum,
631 882 709 967 quia
728 904 811 944 mons
833 883 977 959 caluaria,
999 880 1056 967 qui
1077 878 1224 945 modicus
1236 888 1297 960 est,
1315 878 1500 966 etquidem
1515 879 1691 967 colliculus,
1712 887 1800 952 intra
1817 889 1927 972 parie-

241 1010 291 1065 tes
313 999 448 1065 ecclesie
470 1000 671 1080 continetur,
694 998 772 1084 quia
792 997 899 1083 ipsum
921 1005 1164 1079 mouumentum
1184 994 1322 1060 Domini
1344 1006 1415 1060 erat
1436 997 1471 1061 in
1491 1007 1562 1064 orto
1583 1008 1730 1088 tempore
1752 1005 1926 1090 passionis,

243 1125 335 1182 ortus
364 1124 471 1180 autem
502 1113 633 1179 iacebat
660 1115 694 1178 in
722 1112 808 1200 pede
835 1111 931 1178 huius
954 1110 1095 1179 eollionli
1116 1113 1188 1178 sine
1208 1111 1324 1176 montis
1347 1111 1505 1195 minaria,
1533 1114 1620 1181 unda
1640 1118 1797 1184 nimirum
1819 1119 1927 1186 dietus

195 1241 225 1294 12
243 1254 336 1297 mons
365 1242 398 1296 et
424 1240 666 1296 monumentum
692 1228 827 1294 multum
855 1227 956 1293 uicini
983 1236 1066 1294 sunt
1112 1226 1167 1293 De
1197 1226 1317 1314 quibus
1335 1211 1501 1295 ⁴omnibus
1526 1231 1759 1315 Iohannes210)
1788 1239 1837 1302 ait
1861 1237 1928 1304 sie:

245 1353 325 1411 Erat
348 1359 445 1409 autem
465 1350 498 1409 in
519 1353 590 1422 1222,
613 1349 663 1408 ubi
685 1348 845 1428 saepem
868 1355 912 1406 est
931 1347 1025 1419 Iesos,
1047 1355 1140 1420 ortus,
1157 1355 1185 1406 st
1206 1346 1239 1405 is
1259 1354 1325 1405 orto
1347 1359 1562 1410 monumentum
1582 1371 1704 1430 nouum,
1724 1358 1758 1414 iss
1777 1376 1835 1434 qno
1854 1377 1928 1418 222·

194 1479 227 1530 22
245 1470 314 1526 dum
335 1467 487 1544 quiequam
503 1466 621 1542 positus
634 1470 756 1540 mat.
798 1463 846 1522 Iti
865 1481 936 1539 erpo
954 1469 1085 1538 propter
1107 1481 1300 1539 parasceuen
1320 1464 1498 1539 laneorum,
1525 1467 1596 1544 quia
1626 1469 1711 1529 iuxta
1738 1481 1805 1532 erut
1826 1492 1928 1534 moses.

194 1558 226 1678 {3
246 1591 383 1654 mentem,
399 1593 565 1658 posuerunt
587 1601 657 1643 eum.
698 1576 754 1640 Ex
774 1576 847 1640 istis
868 1575 1040 1640 nerimtem
1062 1573 1283 1661 predictorum
1307 1576 1510 1662 perpendere
1532 1583 1678 1665 potestis.
1719 1583 1817 1650 Hune
1838 1606 1928 1652 mon·

245 1705 311 1760 tem
332 1695 436 1760 eeism
457 1717 518 1759 nos
538 1692 666 1779 indigni
687 1689 899 1758 aseendentes
922 1690 1063 1756 uidimus
1085 1690 1232 1757 foramen
1244 1689 1303 1767 ²²⁰)
1322 1691 1356 1754 in
1378 1703 1473 1778 petra
1492 1697 1648 1781 exeisum,
1669 1702 1722 1765 eui
1743 1703 1818 1788 ipsa
1832 1723 1927 1786 erux,

812 1810 919 1884 „arbor
939 1808 1049 1870 deeora
1069 1819 1100 1870 st
1120 1808 1245 1888 fulgida,

809 1918 914 1970 ornata
933 1908 1011 1987 regis
1032 1901 1213 1990 purpuram)
1226 1906 1294 1985 ²²¹),

245 2024 324 2095 uum
345 2026 444 2090 ferret
463 2024 565 2108 „seeli
588 2024 765 2112 precium“,
785 2023 846 2087 suit
866 2021 979 2087 infixa.
1403 2111 1405 2115 ι

198 2155 230 2230 ee
320 2131 323 2136 ⁴
371 2141 468 2206 quta
490 2162 585 2227 quem
605 2138 713 2205 locum
734 2146 873 2225 apparet
902 2138 1035 2224 sanguis
1057 2137 1206 2220 Domini,
1236 2137 1291 2224 qui
1319 2138 1361 2205 de
1389 2139 1492 2208 latere
1519 2145 1624 2231 ipsius
1644 2147 1679 2213 in
1699 2157 1827 2236 petram
1848 2151 1928 2220 uiei·

247 2280 323 2324 nsm
351 2257 505 2340 defluxit,
536 2256 615 2342 quis
641 2265 724 2320 teste
751 2254 895 2321 Iohanne
905 2255 963 2333 ²²²)
994 2277 1071 2317 2222
1104 2257 1227 2317 2211111222
1259 2261 1366 2319 lancea
1387 2262 1549 2323 1212222122
1569 2266 1707 2344 aperuit,
1738 2279 1767 2329 et
1788 2276 1930 2335 mrim

198 2380 230 2433 21
247 2381 339 2438 eoeias‘t
358 2377 483 2454 sanquis
503 2385 531 2434 et
551 2395 642 2453 aquo.
684 2370 756 2436 Hee
776 2384 871 2457 petra
899 2391 1052 2455 magnum
1070 2368 1169 2434 hebet
1190 2371 1382 2455 scissuram,
1411 2375 1501 2461 quis,
1530 2387 1566 2443 ut
1589 2377 1675 2444 dixit
1694 2379 1928 2474 Mathonem),

242 2501 331 2570 petra
353 2493 443 2555 222222
465 2502 534 2551 sunt
554 2500 582 2551 et
604 2499 789 2550 monumenta
810 2498 929 2567 aperta.
951 2542 952 2545 ,

197 2615 229 2668 ts
373 2605 470 2671 Circa
500 2603 587 2670 hune
616 2601 722 2669 loeum
749 2605 872 2665 22222222
891 2605 979 2664 iuxta
1005 2625 1120 2665 amcam
1140 2606 1210 2665 Iesu
1238 2615 1333 2670 muter
1352 2609 1414 2669 eius
1435 2619 1464 2670 et
1484 2630 1572 2672 soror
1594 2621 1701 2677 matris
1720 2620 1800 2696 sius,
1818 2624 1929 2685 Maris

197 2726 230 2778 22
250 2726 384 2803 asaph,
405 2733 433 2783 et
454 2723 561 2782 Maria
580 2718 844 2798 Maqdatena²²⁴).
887 2719 970 2784 Item
991 2718 1026 2784 in
1046 2716 1161 2783 eodem
1180 2716 1253 2784 loco
1276 2719 1418 2787 uidimus
1440 2733 1566 2810 partem
1587 2726 1675 2796 illius
1698 2731 1929 2821 eolumne²²⁸),
1998 2810 2000 2815 7

197 2846 228 2898 27
249 2840 302 2906 eui
328 2837 481 2925 slligntus
511 2836 573 2902 fuit
601 2834 779 2919 Dominus,
806 2833 884 2900 dum
911 2832 1143 2920 flagellaretur.
1190 2833 1235 2899 Et
1254 2846 1346 2920 nota,
1376 2840 1453 2925 quia
1473 2841 1548 2927 ipss
1567 2843 1705 2914 eeclesia
1725 2857 1759 2914 et
1779 2861 1939 2920 unctum*

248 2954 443 3043 sepulerum,
465 2963 499 3018 et
519 2952 637 3034 omnia,
659 2972 721 3036 que
743 2952 830 3016 intus
853 2960 929 3016 sunt
949 2958 1110 3033 contenta,
1131 2972 1153 3015 a
1174 2962 1313 3038 quatuor
1336 2954 1561 3024 sacerdotibus
1581 2964 1733 3049 surianis,
1756 2969 1813 3053 qui
1835 2971 1928 3037 exire

196 3081 229 3133 22
247 3093 312 3137 non
333 3071 572 3158 permittuntur,
592 3069 625 3132 in
647 3066 735 3132 bona
755 3065 928 3132 deuotione
947 3065 1180 3133 custodiuntur.
1224 3067 1296 3149 Qua
1317 3072 1425 3137 omnia
1445 3073 1510 3160 ipsi
1533 3075 1708 3146 Sarraceni
1726 3083 1930 3171 reliquerunt

197 3194 229 3247 22
246 3187 356 3270 illesa3
385 3184 472 3273 quod
495 3183 609 3272 pocius
631 3205 673 3247 ex
694 3183 818 3248 Diuina
838 3180 1026 3264 uoluntate,
1052 3203 1150 3268 quam
1179 3205 1221 3247 ex
1249 3184 1395 3270 ipsorum
1423 3189 1544 3257 accidit
1565 3193 1807 3266 beneuoleneia
1848 3202 1928 3291 Ipsa

247 3325 325 3369 uero
347 3300 485 3367 ecelesia
506 3300 697 3365 marmoreis
718 3298 838 3364 tabulis
860 3306 892 3362 et
913 3297 1020 3362 aureis
1041 3297 1176 3384 picturis
1198 3298 1295 3365 ualde
1316 3310 1366 3367 sst
1388 3315 1512 3382 ornata,
1532 3310 1568 3373 in
1589 3313 1697 3399 capite
1720 3339 1779 3383 euo
1801 3317 1928 3390 habeus

248 3418 382 3484 chorum
402 3416 530 3503 largum
552 3425 585 3481 at
604 3413 793 3502 pulchrum,
825 3416 859 3479 in
881 3414 972 3478 cuius
992 3413 1083 3479 aditu
1102 3437 1180 3480 ossa
1198 3436 1312 3503 regum
1337 3418 1480 3486 fidelium
1500 3428 1708 3514 requiescunt
1735 3432 1770 3497 in
1789 3458 1929 3506 marmo-

197 3544 230 3596 30
247 3535 313 3600 reis
333 3532 548 3620 sarcophagis
560 3532 628 3609 ²²⁸).
670 3531 709 3596 In
731 3529 838 3596 medio
859 3526 951 3595 chori
974 3527 1155 3595 ostenditur
1180 3532 1313 3618 quidam
1334 3537 1490 3614 circulus,
1520 3563 1580 3628 per
1605 3565 1702 3630 quem
1724 3547 1836 3619 dieunt
1855 3576 1929 3621 een·

248 3662 335 3716 trum
361 3648 473 3714 mundi
502 3647 569 3714 illie
596 3648 766 3713 uerissime
787 3668 858 3712 esse
878 3645 1095 3733 descriptum,
1123 3647 1211 3733 quod
1237 3659 1345 3717 tamen
1377 3654 1554 3721 seeundum
1577 3661 1792 3750 astrologosr)
1814 3672 1929 3756 posius

197 3780 228 3831 21
248 3778 280 3834 et
304 3769 413 3833 uerius
440 3765 501 3831 sub
528 3764 655 3831 torrida
684 3787 784 3847 zoua,
816 3765 845 3829 si
871 3761 1061 3829 habitabilis
1083 3775 1169 3828 esset
1180 3813 1190 3846 ,
1221 3765 1430 3834 inueniretur.
1473 3770 1549 3838 Istis
1574 3777 1725 3845 omuibus
1745 3789 1928 3873 perspectis

248 3882 390 3948 uidimus
411 3884 445 3945 in
467 3883 550 3947 atrio
573 3881 614 3945 de
636 3880 733 3967 longe
755 3880 859 3968 ipsius
882 3876 1024 3955 cruciet)
1046 3879 1206 3966 capellam
1234 3884 1400 3968 quandam
1421 3897 1585 3974 ornatam,
1621 3915 1719 3980 quam
1742 3897 1840 3966 beata
1859 3902 1928 3971 He.

248 4000 331 4082 lena,
360 3996 566 4064 Constantini
587 4008 701 4080 mater,
727 3997 761 4061 in
789 4016 827 4061 eo
847 3993 917 4060 loeo
939 3993 1122 4079 editieauit,
1150 3996 1184 4061 in
1204 4021 1267 4085 quo
1288 4000 1386 4084 Iuda,
1408 4003 1509 4070 fratre
1532 4005 1705 4095 Stephani,
1727 4029 1931 4088 monstrante

198 4127 231 4179 32
250 4117 358 4203 ipsam
386 4135 514 4178 crucem
540 4114 660 4178 meruit
687 4110 911 4189 inuenire²²⁷).
951 4110 996 4175 Et
1023 4120 1103 4176 tuno
1130 4112 1173 4178 ab
1194 4115 1277 4201 ipsis
1296 4117 1482 4185 infidelibus
1505 4125 1596 4189 exire
1620 4127 1778 4216 compulsi
1798 4131 1929 4223 reliqni-

317 4283 345 4353 a)
363 4285 512 4334 2222222222
528 4277 553 4330 Β
565 4276 616 4332 Ed.
635 4308 666 4316 —
683 4274 712 4347 b)
730 4275 790 4329 Hos
808 4290 903 4328 versus
915 4290 1004 4346 nequa
1018 4273 1051 4331 B.
1070 4275 1205 4343 distinxit,
1223 4296 1313 4352 neque
1325 4281 1374 4338 nd.
1395 4313 1425 4324 -
1444 4288 1471 4357 e)
1485 4287 1641 4358 2212212922
1651 4290 1684 4349 Β.
1696 4286 1868 4355 monemus
1876 4300 1930 4360 Ed.

382 4392 416 4404 -
433 4361 463 4430 d)
482 4359 587 4417 Voesb.
610 4359 700 4415 micis
716 4358 867 4414 omiserunt
883 4357 947 4414 edit
964 4375 1006 4428 pr.
1024 4364 1053 4414 et
1067 4359 1101 4416 B.

310 4518 382 4591 219)
403 4515 561 4592 Iohannes]
583 4513 672 4587 XIX,
694 4518 743 4574 11.
764 4518 812 4575 12.
1172 4523 1244 4594 222)
1266 4521 1423 4601 Mamm]
1445 4524 1536 4600 mx,
1559 4531 1608 4590 34·

309 4614 547 4693 2212222222]
571 4613 607 4676 V.
631 4612 746 4674 Tobler
766 4610 854 4691 Goig.
876 4633 905 4693 p.
926 4615 985 4673 282
1003 4630 1066 4693 sqq.

309 4719 381 4787 221)
400 4712 551 4792 purpura]
568 4711 603 4772 V.
617 4711 753 4772 Danielis
768 4710 841 4773 thes.
850 4712 874 4773 1.
893 4716 948 4772 160
961 4718 1010 4772 str.
1023 4709 1069 4769 V:
1171 4691 1230 4753 ²23
1266 4692 1414 4768 mmm]
1436 4690 1572 4769 XXVII,
1593 4700 1640 4758 5²·

414 4823 809 4980 mfflmssffde
1171 4862 1231 4920 221
1265 4859 1374 4919 naria
1394 4862 1588 4940 nanneno]
1609 4863 1784 4943 numm
1807 4872 1855 4932 as.

1233 4699 1244 4768 )

1232 4861 1243 4933 )

411 4992 728 5132 &omma
744 5081 866 5146 mm
1172 5028 1243 5100 225)
1265 5028 1404 5106 coemo]
1428 5027 1543 5090 'roslar
1563 5027 1652 5110 (3013.
1671 5052 1701 5112 p.
1724 5039 1877 5102 est-st.

1233 5179 1244 5250 )

411 5178 508 5247 Basta,
524 5176 604 5233 euius
620 5175 743 5233 brsehiis
1172 5179 1230 5238 226
1266 5177 1470 5255 surreptam]
1499 5177 1547 5240 De
1575 5177 1634 5243 hoe
1661 5179 1832 5248 witot-ndi
1861 5186 1928 5250 1222

409 5264 530 5333 pretim
546 5261 678 5334 pependit
691 5258 786 5329 ntuli,
1110 5275 1230 5355 exponit
1254 5275 1367 5337 Tobler
1403 5282 1430 5339 ³.
1463 5275 1660 5360 Wmdarung
1693 5303 1723 5364 p.
1753 5287 1823 5348 281.
1879 5282 1928 5350 05.

413 5345 612 5502 mum:
622 5343 827 5485 mum
1110 5371 1224 5534 Tofflasr
1251 5373 1338 5455 Golg.
1359 5397 1389 5457 p.
1416 5381 1472 5439 leo
1494 5397 1559 5460 sqq.
1594 5387 1625 5439 et
1658 5390 1775 5460 notem,
1811 5402 1929 5447 nomon

1109 5491 1137 5551 P·
1236 5493 1298 5556 ’(19·

247 5533 385 5597 Ceterum
404 5535 481 5597 hune
503 5555 621 5615 quoqne
643 5551 760 5596 versum
781 5550 836 5592 nos
861 5532 944 5612 primi
964 5531 1068 5595 distin·
1540 5581 1574 5600 „
1948 5552 1964 5583 ‚-

246 5637 351 5696 ximns.
1172 5626 1244 5700 227)
1265 5624 1408 5702 invenire]
1432 5623 1469 5686 V.
1490 5624 1644 5687 Robinson
1664 5626 1708 5689 N..
1725 5627 1762 5692 Ρ.
1784 5635 1853 5695 242,
