4214 6096
945 357 1002 421 rsa

822 481 1121 600 010000.

258 684 282 749 l.
324 684 418 749 Nunc
439 686 545 770 primo
567 686 610 752 ad
632 708 688 752 cor
707 662 886 751 redeuntes¹
900 692 932 748 et
953 681 1126 769 principali
1155 689 1244 746 uoto.
1258 692 1370 746 nostro
1397 682 1599 749 intendentes
1621 683 1758 749 licencia
1778 693 1840 749 ett

133 799 359 865 benedictione
389 800 510 866 domini
536 802 722 888 patriarche
751 810 887 886 accepta
925 820 1039 864 uersus
1068 797 1332 882 Hierosolymam
1362 798 1573 864 ascendentes
1601 801 1810 865 transiuimus

138 914 353 995 Caiphan105).
399 914 471 996 Qus
498 927 547 981 est
574 918 689 982 ciuitas
718 939 840 1002 parua,
874 914 1055 979 destructos
1085 912 1208 977 habens
1235 934 1363 993 muros,
1390 914 1452 978 sita
1481 917 1574 981 iuxta
1601 938 1699 980 mare.
1748 896 1843 1015 Oui}

134 1033 237 1097 nostri
268 1030 481 1096 dominantur.
532 1032 603 1113 Que
639 1055 756 1097 nomen
789 1033 917 1117 accepit
945 1029 1116 1115 aOaipha
1143 1027 1332 1109 fundatore,
1363 1031 1420 1115 qui
1449 1052 1520 1094 cum
1555 1044 1641 1096 esset
1661 1035 1842 1118 pontifext

134 1148 213 1212 anni
233 1146 328 1229 illius,
351 1146 638 1234 prophetauitlll),
659 1161 695 1212 ut
715 1147 875 1212 Dominus
897 1145 1090 1210 traderetur.

259 1261 363 1348 Super
385 1264 480 1328 istam
503 1263 626 1328 directe
647 1265 733 1327 iacet
752 1285 844 1327 mons
868 1264 1034 1337 Carmelus,
1065 1261 1186 1345 inquo
1218 1259 1314 1324 hodie
1335 1271 1536 1326 monstratur
1557 1265 1682 1328 mansio
1704 1263 1842 1346 Helie,5

134 1387 166 1442 et
192 1377 376 1443 honoratur.
419 1379 457 1442 In
484 1401 546 1466 quo
575 1379 698 1465 etipse
719 1378 833 1443 Helias
862 1399 920 1464 per
946 1398 1080 1441 coruum
1107 1374 1255 1440 alebatur
1269 1376 1334 1452 999).
1378 1376 1444 1441 Ubi
1470 1381 1572 1442 eciam
1604 1355 1844 1470 postmodnm}³

135 1492 249 1559 mulier
269 1496 438 1558 sunamitis
460 1494 605 1560 Eliseum
620 1496 675 1571 ¹⁸⁸)
696 1495 830 1559 inuenit.
873 1493 910 1557 lu
932 1513 996 1576 quo
1017 1489 1089 1555 loco
1110 1490 1254 1578 quotidie
1276 1493 1450 1557 missarum
1472 1492 1630 1558 solemnia
1644 1493 1808 1558 celebran-
1827 1504 1843 1556 8

133 1620 195 1673 tur.
237 1609 334 1673 quta
353 1611 449 1674 istam
470 1613 533 1675 sita
554 1623 604 1675 est
628 1613 749 1674 Galilea
763 1611 832 1685 999),
855 1607 964 1672 casale
987 1607 1116 1672 bonum.
1159 1607 1202 1671 Et
1225 1607 1283 1672 hec
1306 1608 1406 1673 distat
1428 1608 1470 1672 ab
1494 1608 1709 1689 [Ηο1000]999)
1731 1586 1860 1705 qua-³1³0

135 1738 208 1790 tuor
228 1724 326 1795 milia.

258 1840 298 1905 ll.
340 1839 420 1905 Inde
446 1843 657 1906 transiuimus
686 1844 901 1920 Captarnaam
918 1840 987 1916 999),
1024 1838 1111 1926 quod
1139 1848 1189 1902 est
1215 1838 1381 1903 castellum
1412 1863 1563 1926 paruum,
1593 1864 1692 1927 supra
1719 1862 1840 1913 maret

138 1956 243 2020 eitum.
285 1955 329 2020 Et
357 1956 540 2040 sciendum,
570 1956 656 2043 quod
682 1955 814 2041 quidam
834 1955 946 2019 dicunt
966 1954 1054 2019 istud
1077 1978 1148 2019 esse
1170 1953 1417 2040 Capharnaum,
1447 1956 1503 2021 ubi
1525 1956 1686 2022 Dominus
1707 1957 1844 2024 filiams

138 2071 243 2158 regilli
270 2073 397 2136 curauit
423 2083 456 2136 et
483 2070 548 2135 alia
578 2071 672 2157 plura
703 2073 797 2156 signa
821 2072 882 2136 fuit
910 2082 1074 2158 operatus.
1119 2070 1163 2134 Et
1189 2071 1212 2133 ii
1241 2072 1275 2134 in
1303 2072 1459 2158 equiuoco
1484 2071 1707 2157 decipiuntur,
1734 2075 1843 2160 quiea

134 2186 214 2252 illud
235 2186 468 2273 Capharnaum
498 2189 593 2251 situm
623 2199 672 2251 est
699 2188 734 2250 in
757 2186 894 2252 Gelilea.
939 2187 991 2252 De
1021 2209 1084 2273 quo
1114 2208 1171 2251 suo
1197 2186 1268 2251 loco
1299 2186 1517 2273 expediemini
1533 2189 1597 2267 999).
1641 2182 1844 2298 siquibus}

136 2305 164 2368 si
183 2303 267 2368 forte
288 2303 460 2388 opponitur
482 2303 659 2367 auctoritas
680 2303 769 2367 Luce
784 2304 850 2385 999),
872 2304 927 2390 qui
948 2305 981 2366 in
1005 2300 1189 2387 euangelio:
1215 2306 1340 2371 Quanta
1359 2308 1527 2368 audiuimus
1547 2310 1578 2367 in
1597 2308 1811 2386 Gapharnaant

129 2425 244 2496 sacta!
263 2427 371 2496 facet
394 2423 551 2498 lupatria
572 2433 623 2480 tna
644 2422 780 2498 sianum!
810 2430 857 2483 et:
886 2422 1024 2494 „Domini
1048 2424 1157 2497 patria
1176 2421 1243 2495 fait
1268 2421 1405 2482 Galilta:
1426 2421 1525 2505 igitur
1551 2420 1610 2486 illa
1638 2423 1726 2487 facta
1745 2423 1810 2487 fue

135 2545 212 2599 runt
239 2545 333 2598 extra
354 2532 516 2598 Galileam
546 2545 578 2598 et
604 2536 638 2598 in
666 2533 935 2620 Capharnaum“:
970 2533 1168 2621 respondeo,
1201 2534 1346 2620 0010999)
1373 2537 1481 2620 patria
1505 2539 1635 2623 ponitur
1665 2560 1725 2624 pro
1752 2560 1811 2603 sua

136 2649 301 2715 Nazareth
315 2651 380 2731 999),
403 2649 443 2713 de
466 2671 531 2735 qua
551 2649 712 2714 Dominus
735 2649 840 2714 eciam
860 2649 1052 2714 Nazarenus
1072 2661 1104 2713 et
1125 2672 1190 2714 non
1213 2648 1360 2713 Galileus
1382 2662 1526 2716 uocatur.

262 2767 306 2830 Et
335 2764 550 2848 relinquentes
585 2765 628 2830 ad
663 2766 829 2830 sinistram
860 2768 1018 2845 Sareptam
1045 2771 1135 2828 ladas
1151 2766 1222 2849 999),
1261 2765 1304 2830 ad
1339 2768 1429 2832 cuius
1461 2767 1682 2834 differenciam
1708 2768 1844 2846 alterae

136 2884 293 2971 Sarepta,
320 2880 361 2945 de
388 2902 452 2967 qua
472 2903 532 2945 uos
556 2904 656 2968 supra
675 2880 914 2967 expediui197),
946 2880 1155 2947 Sidoniorum
1184 2892 1234 2946 est
1261 2881 1446 2969 appellata,
1474 2887 1621 2950 uenimus
1645 2887 1810 2950 cesaream.

136 3000 208 3065 Hec
240 3021 304 3062 non
330 3008 379 3061 est
404 2998 533 3059 Cesarea
553 3001 705 3078 Phihppi,
732 2997 789 3061 sed
812 3001 979 3077 Stratonis,
1008 2999 1040 3060 in
1072 3019 1136 3084 qua
1168 2997 1281 3063 beatus
1304 2998 1435 3081 Petrus,
1468 3022 1540 3065 cum
1570 3003 1603 3065 in
1623 3002 1749 3066 uisioue
1771 3001 1844 3068 det

137 3117 223 3181 omni
247 3111 412 3179 immundo
434 3121 466 3176 et
487 3113 596 3199 reptili
619 3125 705 3177 terre
725 3112 923 3178 manducare
944 3113 1110 3178 iuberetur
1123 3115 1190 3195 999),
1214 3113 1323 3179 sedem
1346 3115 1565 3202 episcopalem
1587 3117 1760 3201 ordinauit,
1780 3126 1812 3182 et

136 3235 170 3297 in
196 3253 235 3296 ea
262 3229 432 3317 presidens
463 3227 597 3293 uerbum
619 3229 684 3294 Dei
715 3228 867 3315 gentibus
895 3227 1066 3315 predicare
1098 3231 1236 3317 incepit,
1267 3253 1327 3317 per
1353 3231 1438 3318 quod
1468 3255 1527 3296 sua
1549 3234 1650 3316 uisio,
1683 3232 1723 3298 de
1745 3255 1811 3320 qua

136 3349 203 3413 iam
224 3346 333 3432 tetigi,
364 3343 613 3431 adimplebatur.
655 3345 694 3409 ln
716 3344 792 3427 hac,
823 3356 858 3408 ut
879 3343 1012 3431 quidam
1031 3345 1161 3428 uolunt,
1190 3346 1274 3411 uidit
1293 3347 1384 3412 Iesus
1407 3347 1568 3413 hominem
1592 3348 1755 3414 sedentem
1778 3349 1845 3423 ina

136 3463 274 3543 telonio,
307 3464 436 3526 nomine
458 3460 650 3539 Mattheum,
686 3471 717 3524 et
745 3460 845 3525 dixit:
877 3465 1023 3542 „Sequens
1053 3469 1140 3524 mct‘*
1171 3462 1242 3527 Hec
1266 3463 1366 3528 distat
1388 3463 1430 3527 ab
1453 3463 1669 3544 [Ηο1000]999)
1700 3466 1845 3552 spacioo

137 3582 231 3645 unius
252 3600 369 3664 magne
391 3577 484 3642 diete.

200 3752 267 3816 185)
292 3746 438 3822 Caiphon]
468 3743 559 3805 Cuius
591 3744 627 3804 de
653 3745 709 3804 situ
736 3743 772 3804 01.
800 3744 952 3805 Robinson
994 3746 1133 3818 triarcha,
1155 3767 1242 3827 quem
1263 3748 1365 3808 Acone
1387 3748 1513 3809 residere
1536 3746 1728 3808 Wilbrandus
1749 3746 1813 3827 ipse

134 3846 173 3906 N.
195 3846 229 3904 F.
254 3850 319 3906 129.
994 3844 1013 3905 l.
1043 3845 1066 3904 Ι.
1101 3852 1124 3906 1.
1148 3853 1165 3906 4
1195 3856 1481 3908 commemoraverat
1529 3847 1602 3907 Mihi
1631 3847 1748 3926 quidem
1776 3866 1813 3907 ex

199 3947 268 4017 186)
293 3942 409 4019 Caipha
428 3976 467 3985 -
485 3942 687 4019 prophetasad]
707 3941 771 4001 Ioh.
792 3942 849 4014 Xl,
871 3948 917 4003 51.
994 3945 1112 4003 nomine
1125 3944 1209 4003 Acon
1230 3964 1384 4024 perperam
1399 3947 1506 4025 scripto
1519 3947 1606 4006 etiam
1626 3946 1738 4007 formae
1751 3945 1813 4005 Ha·

202 4048 270 4115 187)
291 4041 436 4117 alebatur]
460 4041 495 4099 V.
517 4053 576 4102 not.
598 4042 621 4101 Ι.
649 4047 671 4101 l.
696 4047 739 4101 10.
838 4119 842 4128 1
994 4034 1070 4101 bion⁸
1083 4052 1112 4101 01
1133 4043 1260 4104 Naction
1281 4055 1362 4104 ortae
1384 4065 1449 4105 esse
1469 4043 1612 4118 videntur,
1633 4045 1688 4104 hoc
1710 4044 1812 4106 modo:

204 4146 270 4217 188)
294 4139 431 4216 Elissam]
454 4139 489 4199 V.
512 4141 545 4199 II
566 4140 639 4217 Reg.
661 4138 716 4210 IV,
742 4146 766 4211 1,
789 4142 836 4199 25.
858 4138 954 4200 Ritter
993 4142 1076 4200 Acon
1089 4173 1127 4184 -
1139 4143 1248 4201 Hacon
1263 4177 1303 4186 —
1314 4144 1425 4203 Heleon
1437 4177 1476 4187 -
1486 4144 1606 4203 Habion
1619 4178 1660 4186 -
1674 4145 1813 4205 Naction.

135 4240 221 4301 XVI.
245 4246 312 4301 710.
998 4240 1078 4316 Ergo
1100 4239 1208 4319 ubique
1226 4245 1308 4300 Acon
1328 4242 1486 4321 legendnm
1508 4263 1572 4303 esse
1595 4263 1755 4303 censemus.

202 4344 270 4413 189)
293 4337 423 4412 Gallica]
446 4337 543 4395 Locus
566 4339 693 4415 ignotus.
1060 4341 1128 4408 191)
1153 4337 1375 4417 Capharnoam]
1406 4341 1494 4400 Haud
1517 4343 1587 4414 scio,
1607 4362 1694 4421 quem
1716 4342 1812 4401 locum

202 4441 270 4508 190)
292 4437 329 4495 06
345 4435 492 4513 [Halzonll
514 4436 661 4496 Raumerc
680 4457 708 4514 p.
727 4441 781 4495 140
798 4445 867 4493 0010
883 4441 954 4496 1109
996 4457 1018 4497 s.
1041 4438 1192 4517 antiquum
1212 4459 1234 4498 s.
1256 4450 1402 4500 recentem
1423 4440 1502 4499 dicat
1524 4439 1724 4500 Wilbraudus.

133 4545 207 4597 teste
228 4556 331 4596 censor
352 4535 470 4615 quidam
491 4536 622 4594 literatus
642 4534 826 4593 monacensis
852 4532 954 4592 urbem
1061 4540 1129 4611 192)
1153 4539 1353 4614 expediernins]
1385 4537 1430 4598 cf.
1451 4539 1484 4611 I,
1505 4543 1552 4601 27.
1577 4544 1602 4600 8.
1644 4537 1725 4597 Libri
1747 4539 1813 4597 finis

135 4635 255 4695 Halaon
278 4636 429 4714 antiquum
445 4634 636 4713 Porphyreon
660 4653 725 4693 esse
739 4633 862 4712 putavit.
894 4632 953 4692 Ne·
995 4634 1088 4694 deest.

136 4754 193 4814 que
214 4732 382 4812 negandum
404 4742 449 4793 est
469 4752 576 4792 nomen
588 4735 729 4791 Halosin
746 4741 870 4792 exstare.
898 4731 955 4791 Est
1060 4737 1129 4806 193)
1152 4737 1318 4793 auctoritas
1338 4736 1427 4812 Lace]
1450 4734 1505 4795 IV.
1527 4739 1575 4796 23.

136 4835 214 4895 enim
235 4845 265 4893 et
292 4833 386 4909 Wady
407 4833 550 4889 Halosin
574 4850 666 4910 prope
688 4830 902 4891 Ptolemaidem
923 4833 953 4889 in
1060 4837 1129 4902 194)
1149 4853 1228 4909 resp.
1250 4834 1330 4911 qaia]
1352 4845 1483 4894 noenum
1505 4835 1584 4894 dass.

132 4932 234 4992 tabula
253 4930 459 5010 geographica,
481 4948 569 5008 quam
580 4930 739 5008 Kiepertus
750 4928 865 4990 addidit
879 4930 953 4991 libro
1063 4935 1131 4999 195)
1153 4952 1206 4989 sao
1228 4934 1390 5009 Nazareth]
1413 4932 1501 5011 idque
1523 4951 1634 4990 summo
1656 4931 1727 4992 iure.
1766 4930 1813 4994 Oi.

133 5029 265 5090 Eduardi
275 5028 439 5089 Robinsoni
454 5029 593 5107 inscripto
603 5030 720 5086 Neaera
731 5028 954 5106 Forscbnnyen,
996 5027 1140 5087 Wilkenii
1161 5030 1217 5090 lex.
1236 5030 1276 5090 N.
1298 5031 1336 5091 Τ.
1357 5051 1379 5090 0.
1400 5053 1427 5091 v.
1449 5027 1559 5106 πατρίς.

133 5140 163 5189 01
183 5129 252 5186 ’Ain
281 5129 473 5187 el-Halazdn
498 5124 578 5206 apud
605 5124 750 5186 Ritterum
778 5127 873 5189 XVII
902 5132 952 5202 ().
1062 5125 1665 5205 196)90οῳ1000100100]0008001000.
1693 5126 1813 5189 (111111-

135 5233 202 5289 710.
244 5225 303 5286 Vix
322 5237 421 5287 tamen
443 5225 560 5298 dubito,
588 5225 655 5285 hl
681 5225 867 5286 scribendum
888 5243 954 5286 esee
999 5236 1045 5286 ter
1063 5225 1151 5284 XVI.
1172 5230 1241 5288 013.

132 5327 233 5399 Acon,
264 5343 354 5406 quarn
379 5324 437 5384 dici
469 5325 535 5384 luce
562 5323 668 5382 clarius
695 5334 819 5403 apparet
845 5344 883 5385 ex
908 5326 953 5398 iis,
1060 5327 1128 5397 197)
1150 5343 1202 5382 000
1223 5344 1317 5401 stupra
1338 5326 1485 5401 capedine]
1506 5326 1636 5404 collegas
1660 5345 1737 5401 suos,
1760 5325 1813 5386 l.1

132 5442 208 5504 quae
229 5424 366 5503 leguntur
387 5424 463 5485 libro
484 5424 577 5503 primo
601 5429 740 5494 extremo,
761 5440 829 5495 „eos
844 5424 875 5483 10
890 5423 953 5484 Ha·
995 5443 1018 5484 0.
1044 5427 1061 5485 3
1084 5444 1106 5483 s.
1133 5430 1158 5483 1.

134 5521 262 5595 010011.
290 5541 315 5582 0.
341 5525 440 5598 Acon)
466 5540 601 5581 rwcrsos
623 5523 715 5592 eese“,
742 5521 812 5583 011.
835 5521 868 5582 ΙΙ
889 5543 913 5584 c.
936 5524 952 5583 Ι
1061 5527 1128 5596 198)
1151 5522 1325 5581 0101000-
1347 5521 1504 5599 iuberetur]
1528 5521 1564 5582 V.
1585 5523 1664 5583 Acta
1682 5523 1742 5603 Ap.
1767 5528 1812 5585 10.

131 5623 268 5693 1000010,
299 5640 351 5682 000
372 5622 522 5681 licenciam
545 5619 693 5698 accepisse
721 5638 740 5678 a
761 5617 880 5680 domino
901 5641 952 5700 pa·
1061 5625 1128 5695 199)
1151 5620 1298 5697 [Halaonll
1321 5618 1358 5682 V.
1382 5629 1441 5680 not
1466 5627 1532 5686 190.
