4214 6096
1050 370 1107 431 tto

196 568 307 619 1111011
329 545 475 610 hominis.
519 544 626 609 Vnum
646 556 709 625 est,
737 548 813 632 quia
832 548 902 631 ipse
925 545 1121 633 dicitquod
1143 544 1240 609 talem
1260 543 1380 610 librum
1402 568 1465 610 non
1489 560 1620 632 possent
1639 548 1748 612 t'acere
1774 569 1836 613 nec
1858 570 1914 615 an·

197 681 226 731 12
243 661 307 747 geli
329 684 388 724 uec
411 660 573 724 demones.
615 659 714 724 Aliud
737 672 795 742 est,
817 662 913 745 quod,
935 663 962 724 si
986 661 1157 727 alcoranus
1180 683 1243 725 uon
1264 670 1349 724 esset
1371 661 1477 726 aDco
1490 662 1558 743 ²¹¹),
1580 663 1614 725 in
1637 684 1675 727 eo
1691 672 1801 727 essent
1815 663 1916 731 multe

196 798 225 847 1³
245 778 501 841 contrarietates.
539 775 603 839 Sed
616 787 702 839 certe
719 776 817 840 multe
832 788 906 841 sunt
920 779 1166 841 contrarietates
1185 778 1218 839 in
1233 799 1280 859 eo,
1297 789 1327 840 et
1343 776 1536 841 contradicit
1553 776 1614 841 sibi
1635 779 1710 864 ipsi.
1748 779 1831 843 Nam
1843 781 1916 866 ipse

244 893 275 954 iu
298 891 444 977 pluribus
466 891 545 955 locis
569 891 719 975 prohibet
740 891 945 974 Sarracenis,
975 892 1060 977 quod
1089 916 1152 957 non
1182 890 1322 955 debeant
1340 891 1492 956 altercari
1514 915 1573 957 nec
1602 916 1720 980 aspera
1743 894 1846 960 verba
1867 894 1915 960 di·

243 1029 315 1071 cere
339 1031 412 1070 eum
433 1005 616 1070 hominibus
639 1006 771 1070 alterius
793 1020 888 1089 secte,
910 1007 967 1071 scd
988 1007 1107 1072 debent
1127 1030 1181 1071 cos
1205 1006 1304 1071 libere
1328 1007 1489 1071 dimittere
1511 1007 1592 1086 Deo,
1614 1010 1670 1095 qui
1692 1008 1806 1093 dirigit
1820 1033 1915 1096 quem

244 1123 297 1186 wlt
320 1138 351 1187 et
373 1124 450 1185 facit
472 1145 582 1186 errare
604 1146 683 1207 quos
706 1122 780 1201 ult,
800 1137 831 1185 et
852 1123 938 1207 quod
962 1125 1023 1208 ipsi
1044 1146 1108 1188 uon
1130 1122 1250 1187 habent
1268 1122 1341 1188 Dee
1362 1122 1499 1187 reddere
1523 1125 1686 1188 racionem
1710 1125 1749 1189 de
1763 1125 1839 1208 illis,
1859 1129 1916 1212 qui

195 1250 368 1317 uerrunt,
404 1239 479 1322 quia
501 1240 718 1322 vuusquisque
741 1237 888 1325 sibiipsi
911 1248 999 1303 errat
1021 1238 1072 1302 vel
1094 1240 1230 1323 proficit.
1273 1239 1317 1302 Et
1344 1241 1434 1325 prius
1457 1250 1583 1325 etpost
1610 1240 1644 1303 in
1665 1239 1813 1327 pluribus
1834 1241 1915 1308 loeis

196 1375 225 1423 15
243 1356 380 1440 precipit
403 1353 443 1416 do
465 1354 627 1431 alcorano,
651 1353 778 1417 diceus:
801 1354 970 1435 „Occidite
991 1355 1075 1435 illos,
1098 1356 1152 1439 qui
1172 1376 1236 1417 uon
1258 1354 1408 1434 credunt,
1438 1354 1540 1418 donec
1564 1355 1726 1420 credaut.“
1768 1358 1916 1424 Primum

243 1480 468 1555 argumentum
498 1469 655 1550 concedo,
687 1469 808 1533 scilicet
837 1470 922 1556 quod
953 1469 1059 1555 angeli
1080 1470 1166 1533 nullo
1189 1469 1285 1534 modo
1309 1471 1429 1533 scireut
1449 1469 1500 1533 vel
1521 1454 1639 1535 vellent
1666 1472 1773 1539 facere
1794 1473 1915 1541 librum

244 1598 289 1649 tot
317 1586 494 1649 mendaciis
526 1597 557 1648 et
584 1584 793 1670 blasphemiis
821 1597 853 1648 et
881 1585 1134 1650 obscenitatibus
1165 1585 1310 1671 plenum,
1341 1585 1493 1649 demones
1521 1608 1598 1650 vcro
1628 1586 1708 1652 bene
1742 1591 1915 1657 sciuerunt

196 1708 226 1757 lo
245 1701 351 1767 Credo
373 1712 500 1782 tamen,
524 1701 610 1784 quod
633 1725 704 1764 cum
724 1724 840 1786 magno
865 1713 980 1765 conatu
1003 1712 1035 1764 et
1057 1700 1270 1765 sollicitudine
1291 1710 1338 1765 tot
1359 1702 1505 1764 facinora
1527 1713 1559 1764 et
1580 1701 1704 1767 scelera
1726 1727 1914 1792 composue-

196 1821 225 1870 17
245 1830 326 1880 runt.
376 1817 469 1881 Vnde
504 1820 606 1881 eciam
640 1820 673 1880 in
702 1816 854 1882 alcorano
895 1820 1049 1902 scriptum
1086 1828 1149 1898 est,
1187 1816 1274 1903 quod
1305 1816 1476 1880 alcoranus
1497 1816 1610 1901 'placet
1641 1818 1848 1905 demonibus,
1884 1835 1916 1888 et

244 1933 372 2018 quando
401 1938 510 2019 ipsum
541 1932 733 1997 audiuerant
755 1934 905 2013 epen212)
912 1982 920 2013 ,
945 1932 1030 2017 quod
1051 1934 1283 2017 interpretatur
1304 1931 1473 2013 demones,
1496 1932 1648 1998 admirati
1670 1947 1744 2000 suut
1765 1938 1862 2004 valde
1882 1952 1915 2005 et

245 2049 549 2113 comrucudauerunt
570 2048 698 2125 librum,
720 2063 750 2112 et
773 2048 864 2112 multi
887 2071 927 2111 ex
947 2050 1027 2133 ipsis
1050 2047 1240 2113 demonibus
1261 2048 1338 2112 l'acti
1361 2057 1434 2111 suut
1457 2046 1639 2114 Sarraceni.

199 2254 226 2304 lo
368 2234 507 2296 Possunt
528 2233 626 2316 igitur
648 2230 785 2295 liteiliter
808 2232 956 2296 eorruiuei
971 2229 1143 2294 Sarraceni
1165 2242 1196 2294 et
1217 2230 1374 2295 confutari
1398 2253 1457 2317 per
1478 2228 1578 2295 libros
1601 2248 1728 2299 sanctos
1751 2248 1782 2301 et
1804 2248 1912 2304 auoto-

246 2351 373 2413 ritateur
397 2371 488 2411 sacre
512 2348 680 2432 scripture,
702 2371 761 2433 per
781 2346 880 2411 libros
906 2348 1009 2409 eciam
1032 2345 1297 2430 philosophorum
1321 2356 1352 2408 et
1375 2348 1460 2408 viam
1482 2348 1634 2431 racionis,
1655 2350 1782 2417 facilius
1803 2364 1913 2420 tamen

244 2488 302 2552 per
322 2471 428 2550 ipsum
451 2463 647 2543 alcoranum,
670 2466 724 2548 qni
747 2486 837 2527 suam
858 2465 961 2548 ipsius
983 2460 1156 2525 falsitatem
1181 2461 1453 2526 abhominabilem
1475 2484 1508 2525 se
1521 2461 1703 2549 legentibus
1718 2469 1912 2536 manifestat„

196 2595 226 2643 19
244 2582 384 2646 Possunt
406 2580 508 2642 eeiaur
530 2590 561 2641 ct
582 2578 720 2642 t'acilitcr
742 2580 898 2642 confutari
919 2602 977 2663 per
999 2578 1156 2641 nefariam
1178 2579 1280 2640 vitam
1309 2579 1358 2641 sui
1384 2577 1541 2663 prophete
1563 2577 1774 2666 Machameti,
1803 2588 1859 2672 qui
1878 2588 1912 2651 in

194 2718 225 2766 ao
243 2697 398 2776 luxuriis,
434 2694 602 2758 adulteriis
636 2706 667 2757 et
701 2697 825 2780 rapinis
852 2692 1067 2757 execrabilem
1089 2715 1189 2776 vsque
1211 2692 1252 2755 ad
1275 2693 1369 2757 linem
1391 2695 1491 2758 vitam
1513 2695 1616 2759 duxit.
1660 2698 1726 2762 Nec
1747 2701 1834 2765 valet
1855 2702 1913 2767 ali.

243 2812 321 2901 quid
342 2812 506 2897 responsio
530 2814 800 2891 Sarracenoruru,
829 2813 882 2894 qui
907 2809 1034 2889 dieunt,
1058 2808 1142 2894 quod
1165 2807 1295 2893 Moyses
1318 2809 1437 2872 oceidit
1459 2821 1489 2873 et
1510 2811 1621 2877 Dauid
1641 2814 1854 2899 adulterauit,
1881 2829 1914 2883 et

244 2944 350 2994 tamen
372 2938 506 3012 vterque
529 2926 591 2990 Dei
612 2928 747 2989 nuncius
769 2939 801 2988 et.
823 2925 981 3010 propheta
1002 2924 1078 3001 l'uit,
1110 2927 1186 3007 quia
1216 2925 1249 2986 iu
1272 2923 1389 2987 talibus
1413 2925 1588 2991 sceleribus
1610 2952 1673 2994 nou
1694 2931 1846 2996 finierunt
1865 2936 1911 2998 vi·

244 3060 319 3126 tarn,
342 3044 399 3107 sed
422 3044 583 3106 irurcnitur
606 3042 759 3106 contricio
782 3053 813 3103 ct
836 3041 1018 3125 penitencia
1040 3062 1166 3120 eorum3
1191 3038 1230 3102 de
1251 3039 1453 3105 llaclrometo
1476 3056 1582 3106 alit-em
1607 3068 1667 3108 nec
1681 3049 1837 3114 contricio
1852 3072 1912 3115 nec

245 3161 427 3247 penitencia
457 3161 635 3236 inuenitur,
662 3155 719 3220 sed
746 3178 873 3240 semper
901 3159 934 3219 iu
956 3155 1104 3219 omuibus
1128 3154 1304 3218 sceleribus
1327 3154 1469 3220 addebat
1497 3156 1750 3244 blasphemiam,
1785 3163 1912 3231 dicens:

194 3276 355 3358 21„Deus
384 3274 551 3337 mandauit
579 3273 691 3351 michi,
723 3272 809 3357 quod
839 3271 902 3335 talc
929 3271 1121 3335 adulterium
1154 3273 1414 3335 eorrrmittereur.“
1464 3275 1517 3337 s'ic
1547 3274 1665 3361 legitur
1694 3279 1727 3340 in
1753 3279 1913 3361 alcorano,

245 3391 373 3479 quaudo
397 3402 568 3475 acceperat
590 3412 724 3453 vxorem
748 3388 913 3452 cuiusdam
938 3390 1033 3451 aurici
1055 3389 1102 3450 sui
1125 3388 1253 3451 nominc
1276 3386 1385 3466 Zeich,
1407 3410 1478 3452 eum
1501 3406 1699 3473 argueretur,
1722 3394 1819 3460 dixit:
1844 3398 1914 3480 „Ve

244 3507 313 3588 tibi,
336 3506 445 3587 Zeich,
469 3507 545 3592 quia
561 3506 652 3568 Dens
674 3506 838 3569 maritauit
859 3526 993 3567 vxorern
1016 3515 1103 3567 tuam
1125 3503 1232 3567 michi.
1273 3503 1316 3567 Et
1338 3515 1436 3567 testes
1457 3505 1682 3571 suutMiehael
1704 3521 1735 3574 et
1748 3510 1914 3578 Gabriel.“

194 3612 226 3729 ἐξ
244 3624 287 3687 Et
317 3625 392 3686 fecit
419 3621 493 3685 iude
521 3622 623 3705 legem
647 3632 677 3684 ct
697 3620 872 3707 capitulum
895 3624 927 3684 in
949 3620 1107 3684 alcorano.
1152 3620 1264 3683 Simile
1284 3621 1370 3695 tecit,
1398 3620 1527 3704 quando
1550 3623 1721 3688 concubuit
1742 3648 1815 3691 cum
1835 3650 1913 3713 qua-

245 3739 318 3802 dam
336 3736 491 3801 lacobina
513 3739 641 3801 nomine
653 3736 786 3801 Marica.
823 3736 1003 3821 ltcspoudit
1025 3736 1152 3799 dicens:
1175 3736 1287 3816 „Deus
1307 3734 1475 3799 mandauit
1490 3737 1598 3817 michi,
1621 3739 1707 3823 quod
1721 3764 1785 3807 nou
1804 3768 1913 3811 serua-

194 3841 226 3959 ἐξ
243 3878 310 3919 rem
332 3855 574 3917 iuraureutum.“
617 3853 659 3917 Et
682 3854 757 3916 t'ecit
778 3851 854 3915 inde
878 3853 1054 3937 capitulum
1076 3852 1109 3914 iu
1132 3850 1294 3915 alcorano.
1338 3853 1424 3931 Quia
1441 3874 1518 3915 vero
1541 3853 1707 3937 predictus
1736 3859 1913 3944 nepharius

243 3970 464 4033 blachoruetus
488 3969 571 4032 dixit
593 3992 627 4032 se
649 3992 719 4032 esse
743 3968 934 4055 prophetam
957 3982 988 4032 et
1010 3969 1163 4032 nuncium
1185 3968 1249 4031 Dei
1272 3970 1405 4030 missum
1429 3989 1501 4031 curu
1523 3970 1679 4035 miraculo
1709 3976 1838 4039 virtutis
1859 3999 1913 4063 ge-

245 4088 400 4166 neratiue,
423 4101 456 4145 vt
480 4084 700 4163 multosfilios
723 4095 902 4169 generaret,
926 4097 960 4147 vt
982 4085 1234 4148 Sarracenorum
1259 4083 1398 4169 populus
1420 4098 1607 4167 augeretur,
1630 4090 1914 4174 comprehenditur

244 4207 277 4267 in
299 4201 467 4266 urrsudacio
488 4212 645 4285 patenter,
669 4203 745 4287 quia
767 4213 842 4263 tuuc
864 4199 981 4263 multas
1003 4223 1122 4263 vxores
1144 4200 1256 4263 habuit
1279 4213 1309 4261 et
1331 4200 1527 4264 concubinas
1549 4212 1580 4263 et
1600 4203 1751 4287 ancillas,
1780 4230 1843 4272 uon
1865 4220 1912 4275 ta.

245 4343 317 4383 meu
349 4316 461 4381 habuit
488 4319 548 4379 rrisi
579 4340 674 4380 vuanr
697 4316 811 4395 liliam,
840 4339 909 4379 curu
934 4330 1055 4397 tumen,
1085 4332 1117 4379 vt
1142 4340 1175 4379 se
1205 4315 1363 4396 iactabat,
1394 4315 1536 4379 habebat
1558 4319 1706 4383 virtutem
1726 4319 1913 4391 luxuriandi

196 4456 228 4505 26
246 4445 400 4523 quantum
423 4431 543 4495 habent
565 4431 783 4518 quadraginta
803 4429 956 4497 homiues.
1000 4432 1067 4517 Ipsi
1090 4433 1191 4494 eciam
1215 4433 1388 4494 Sarraceui
1412 4432 1565 4495 inducunt
1589 4457 1649 4518 pro
1672 4437 1795 4502 cllioaei
1818 4464 1913 4527 argu.

246 4564 352 4615 mento
364 4599 372 4630 ,
396 4548 481 4634 quod
503 4547 726 4610 Machoruotus
738 4596 746 4628 ,
770 4547 864 4612 horno
884 4548 1018 4633 ydiota,
1043 4551 1111 4611 siue
1134 4548 1205 4610 Dco
1229 4571 1292 4609 nou
1313 4562 1421 4632 posset
1442 4572 1500 4611 nec
1523 4552 1680 4634 potuisset
1701 4554 1808 4619 facere
1830 4556 1915 4622 aleo·

195 4687 226 4735 27
246 4690 377 4747 rancun,
405 4664 460 4727 vbi
489 4674 563 4728 scrut
586 4677 651 4727 taur
674 4663 774 4726 multa
796 4663 835 4726 dc
858 4687 940 4727 nouo
963 4676 993 4727 et
1015 4666 1115 4726 veteri
1137 4674 1338 4725 testarucuto.
1383 4663 1507 4726 Tamen
1536 4682 1608 4728 suut
1630 4666 1675 4730 ibi
1699 4669 1798 4734 rntdto
1821 4671 1916 4756 plura

196 4802 227 4849 aa
246 4796 357 4848 contra
386 4804 504 4845 nouum
533 4791 759 4843 testamentum
790 4790 820 4841 et
848 4788 952 4843 vetus.
996 4780 1224 4842 Verumtamen
1254 4780 1467 4842 certissimum
1497 4794 1546 4844 cst
1579 4784 1610 4845 iu
1640 4785 1786 4849 omuibus
1815 4789 1915 4873 parti-

247 4900 304 4962 bus
328 4897 555 4978 orientalibus,
577 4896 662 4980 quod
685 4894 905 4958 Machoructus
929 4894 1042 4959 habuit
1061 4908 1126 4957 tres
1148 4894 1350 4978 pedagogos,
1374 4894 1496 4959 seilicet
1519 4896 1600 4961 duos
1621 4898 1756 4983 ludees,
1779 4925 1917 4989 quorum

246 5038 359 5078 nomeu
389 5015 482 5078 vuius
507 5013 604 5078 Salon
629 5014 732 5076 Persa
759 5023 790 5075 et
820 5033 936 5075 nomeu
963 5010 1095 5074 alterius
1119 5008 1280 5073 Aabdalla
1310 5011 1407 5097 (quod
1437 5013 1670 5100 iuterpretatur
1693 5040 1806 5083 seruus
1829 5020 1916 5103 Dei),

196 5150 228 5199 29
245 5130 330 5194 tilius
353 5129 437 5192 Sela.
482 5129 524 5193 Et
544 5131 596 5194 isti
618 5130 696 5193 t'acti
720 5137 793 5191 sunt
812 5128 994 5207 Sarraceui,
1018 5138 1049 5190 et
1071 5126 1248 5190 docuerunt
1271 5149 1341 5189 (aum
1365 5127 1466 5191 multa
1487 5128 1527 5192 de
1549 5132 1652 5194 veteri
1671 5144 1864 5201 testamento
1885 5148 1918 5201 et

197 5263 229 5312 ³0
246 5245 345 5309 multa
368 5245 407 5309 de
430 5245 579 5310 Talmud.
622 5246 715 5309 Alius
737 5256 843 5308 autem
865 5243 926 5306 fuit
946 5241 1138 5322 monachus,
1161 5255 1193 5303 et
1212 5265 1327 5306 nomen
1350 5245 1419 5307 eius
1440 5243 1625 5330 Bahheyin,
1647 5247 1837 5335 lacobinus,
1860 5256 1916 5340 qui

247 5362 332 5423 dixit
353 5363 380 5423 ei
404 5361 502 5426 multa
525 5364 565 5427 de
586 5385 671 5427 nouo
693 5371 883 5425 testamento
906 5370 938 5422 et
959 5356 1095 5443 quedam
1119 5356 1159 5420 de
1181 5358 1321 5442 quodam
1342 5357 1425 5423 libro
1448 5360 1488 5423 de
1516 5361 1657 5427 infancia
1681 5366 1862 5432 Saluatoris
1885 5380 1917 5433 ot

311 5598 381 5655 ²¹¹³
403 5598 474 5649 Μ’
498 5596 535 5651 (¹-
1167 5595 1237 5664 212,
1260 5593 1314 5650 Est
1333 5548 1424 5691 ⁴,ll
1448 5600 1610 5667 (aoracum).
