4214 6096
1059 324 1099 387 42

243 504 362 588 Βο100,
386 505 530 569 uenturis
553 503 595 568 ad
617 512 758 567 montem
780 501 881 589 Scyt,
902 506 958 592 qui
979 514 1028 570 001
1051 506 1175 581 iuxta)
1200 505 1295 567 Codes
1316 509 1421 565 Barac
1432 503 1505 586 213),
1533 502 1589 568 ubi
1610 513 1688 569 tune
1708 513 1808 569 orant.
1851 503 1919 571 Sed

244 629 366 687 certum
388 629 452 701 est,
474 618 561 705 quod
582 619 736 684 terminos
758 619 855 684 huius
875 623 994 685 montis
1017 620 1115 707 Scyt,
1142 621 1197 706 qui
1219 629 1268 684 001
1288 640 1389 706 supra
1408 640 1497 684 mare
1519 617 1655 703 Galilee,
1678 642 1843 705 nunquam
1864 641 1919 687 ac·

243 736 433 821 ceperuntb)
454 733 513 798 filii
535 734 646 817 lsrael,
668 756 741 798 cum
762 735 889 800 exirent
911 733 951 799 de
967 735 1112 822 Egypto,
1134 737 1212 822 quia
1230 737 1292 800 1010
1312 757 1405 799 mons
1428 733 1511 820 Seyr
1530 735 1735 821 coniungitur
1753 758 1829 802 eum
1849 736 1918 802 Da·

245 872 371 932 masao,
393 872 457 936 quo
479 872 642 936 nunquam
665 860 890 935 peruenerunt.

193 979 223 1028 ¹⁵
366 980 460 1046 Alius
482 993 589 1047 autem
610 1005 703 1047 mons
727 981 821 1068 Seyr,
843 982 883 1048 de
903 1005 966 1068 quo
986 982 1215 1069 legiturque,
1237 984 1443 1067 coniungitur
1465 1004 1538 1047 oum
1558 981 1685 1048 deserto
1707 982 1840 1049 Pharan
1849 985 1918 1063 ²⁴³).

242 1096 347 1178 Quem
376 1097 473 1183 longo
501 1107 644 1183 tempore
665 1099 862 1163 circuierunt
874 1100 932 1176 241)
960 1097 1018 1163 filii
1039 1097 1141 1164 Israel
1164 1097 1319 1185 prohibiti
1341 1121 1362 1162 a
1383 1097 1524 1162 Domino
1545 1120 1618 1162 eum
1637 1100 1769 1166 intrare.
1811 1099 1857 1164 Et
1877 1099 1920 1166 de

240 1212 296 1278 illo
324 1224 433 1277 monte
456 1212 539 1299 Seyr
560 1213 678 1278 dicitur
700 1214 802 1278 eciam
823 1214 1069 1281 Deuteronomii
1094 1215 1209 1291 H²⁴¹):
1239 1220 1279 1277 In
1299 1225 1394 1276 moute
1416 1217 1493 1293 Seyr
1520 1218 1587 1275 olim
1614 1219 1826 1278 habitaverunt
1848 1219 1920 1299 [atti

239 1335 342 1392 Israel
359 1352 419 1408 pro
440 1333 500 1408 eia]

364 1461 403 1524 In
424 1462 486 1524 isto
511 1471 618 1525 autem
639 1474 747 1528 monte
769 1462 869 1549 Seyr,
890 1464 945 1548 qui
968 1473 1016 1527 est
1037 1464 1131 1527 iuxta
1150 1482 1241 1525 mare
1263 1459 1388 1525 Galilee
1410 1470 1442 1524 et
1461 1471 1602 1525 montem
1625 1460 1842 1546 Galaad²⁴⁵),
1862 1463 1918 1529 ha·

240 1575 368 1642 bitabat
388 1576 479 1640 Esau
499 1598 536 1640 eo
558 1587 717 1663 tempore,
753 1601 816 1663 quo
838 1577 937 1644 Iacob
961 1578 1058 1643 rediit
1079 1577 1119 1642 de
1140 1577 1377 1663 Mesopotamia
1399 1574 1505 1661 Syrie.
1548 1577 1677 1642 Dicitur
1703 1580 1789 1643 enim
1812 1578 1918 1645 Gene-

242 1695 287 1759 sis
309 1691 458 1757 XXXVI
471 1693 542 1774 ²⁴⁹),
574 1691 877 1776 0010000010),
910 1697 966 1781 qui
992 1692 1163 1758 habitabat
1191 1714 1263 1756 eum
1286 1701 1380 1778 patre
1403 1713 1462 1756 suo
1485 1692 1608 1779 absque
1631 1693 1727 1759 dubio
1748 1695 1917 1761 1οΒ0100-

242 1806 312 1890 bee,
336 1810 513 1894 assumptis
536 1807 699 1891 omnibus,
723 1833 785 1895 que
807 1809 962 1892 habebat,
994 1808 1074 1873 abiit
1094 1811 1128 1873 in
1149 1809 1316 1894 regionem
1338 1807 1488 1872 alteram:
1516 1807 1596 1872 nulli
1619 1807 1752 1873 dubium
1772 1813 1852 1897 quin
1874 1809 1919 1877 ad

242 1923 346 1988 istam.
389 1923 434 1988 Et
456 1933 625 2010 separatus
647 1936 695 1989 est
710 1922 735 1988 'a
755 1926 856 1990 fratre
879 1948 945 1990 suo.
989 1924 1083 1989 Unde
1105 1936 1137 1988 ct
1158 1922 1256 1988 Iacob
1278 1923 1427 1988 redeunti
1456 1922 1496 1987 de
1518 1924 1756 2011 Mesopotamia
1777 1928 1920 1994 occurrit

242 2039 334 2103 iuxta
362 2039 480 2104 uadum
500 2040 615 2122 labec,
645 2041 730 2126 quod
758 2040 800 2106 ab
832 2053 943 2106 austro
970 2041 1099 2105 adiacet
1126 2051 1212 2104 terre
1232 2042 1296 2105 isti.
1338 2040 1382 2104 Et
1405 2039 1544 2105 Genesis
1565 2040 1766 2116 XXXH²⁵¹)
1789 2041 1917 2127 dicitur,

242 2152 338 2240 quod,
362 2177 433 2220 cum
455 2157 554 2222 Iacob
576 2158 784 2222 transiuisset
802 2155 955 2236 Phanuel,
979 2169 1063 2218 ortua
1085 2161 1247 2221 00101001.
1291 2155 1334 2220 Et
1356 2157 1524 2229 infra²⁵²):
1546 2162 1680 2219 Eleaaaa
1698 2165 1919 2223 antemurales

242 2274 318 2332 uidit
339 2276 499 2335 uenientem
522 2279 615 2338 Esau.
656 2273 719 2354 Qui
741 2273 831 2339 locus
853 2274 989 2349 (00111001
1007 2273 1227 2350 Paeanem&
1251 2272 1429 2337 ostenditur
1450 2271 1547 2337 hodie
1564 2272 1677 2337 eodem
1691 2276 1831 2357 nomine,
1851 2298 1918 2342 non

241 2384 340 2473 longe
362 2410 382 2452 a
403 2390 631 2468 Soct02a⁶)²⁵⁴)
658 2389 744 2454 ultra
764 2390 935 2455 Iordanem
965 2388 1008 2453 ad
1037 2387 1225 2453 orientalem
1247 2387 1399 2475 plagam,
1429 2388 1486 2453 ubi
1508 2386 1695 2475 legitur²⁵⁵)
1723 2401 1838 2476 postea
1858 2392 1917 2457 im·

240 2502 381 2570 mediate
398 2507 534 2570 uenisse.
576 2505 620 2570 Et
643 2514 692 2570 est
713 2504 805 2571 locus
827 2505 912 2570 idem
934 2506 969 2568 in
991 2503 1073 2590 pede
1095 2505 1213 2568 montis
1235 2502 1329 2589 Seyr,
1351 2505 1405 2589 qui
1428 2504 1556 2569 adiacet
1579 2507 1661 2569 mari
1684 2503 1818 2588 Galbae,
1842 2528 1918 2573 cum

238 2619 406 2686 111010000
430 2621 529 2707 Seyr,
560 2624 594 2685 in
617 2642 681 2708 quo
701 2620 777 2686 olim
799 2620 1027 2685 habitauerunt
1048 2619 1195 2702 Chorrei,
1218 2643 1277 2706 pro
1300 2620 1417 2705 quibus
1439 2642 1524 2685 nunc
1544 2619 1666 2685 ibidem
1689 2619 1837 2686 habitant
1857 2620 1918 2687 filii

240 2733 346 2818 Esau,
378 2759 436 2823 per
464 2736 573 2823 plures
600 2737 705 2803 dietas
733 2736 830 2802 distet
852 2761 872 2802 a
893 2736 963 2802 loco
986 2738 1064 2818 isto,
1096 2758 1200 2822 aquo
1227 2758 1293 2800 non
1315 2746 1444 2821 poterat
1466 2736 1572 2801 subito
1594 2738 1722 2802 uenisse
1742 2736 1834 2803 Esau
1855 2761 1916 2826 pro

239 2852 340 2917 fratre
363 2875 420 2916 suo
444 2853 594 2937 uidendo,
617 2856 694 2939 quia
715 2852 812 2939 longe
832 2853 918 2917 ultra
939 2874 1028 2916 marc
1050 2863 1209 2917 mortuum
1232 2851 1341 2933 distat,
1363 2853 1430 2916 t'ere
1450 2875 1508 2938 per
1529 2854 1671 2940 quinque
1691 2852 1803 2918 dietas.
1843 2855 1916 2920 Hec

241 2966 416 3033 diuersitas
437 2969 575 3035 filiorum
597 2969 688 3034 Esau
709 2979 741 3034 et
763 2968 997 3035 habitationum
1020 2967 1193 3033 diuersitas
1215 2967 1343 3033 uidetur
1363 2968 1443 3032 mihi
1464 2968 1623 3034 accidisse
1631 2972 1657 3055 f)
1679 2992 1720 3035 ex
1742 2992 1796 3054 00,
1826 2970 1915 3056 quod

239 3082 331 3148 Esau
353 3083 462 3170 plures
484 3085 598 3150 habuit
619 3107 756 3167 uxores,
788 3085 981 3168 0111011111,
1014 3107 1094 3172 quos
1117 3083 1230 3148 habuit
1258 3083 1298 3148 de
1320 3083 1387 3148 filia
1408 3083 1580 3168 Ysmahel,
1610 3108 1720 3152 sorore
1740 3085 1915 3170 Nabaioth‚

238 3196 467 3263 habitauerunt
489 3201 523 3264 in
544 3214 652 3266 monte
669 3200 763 3287 Seyr,
785 3203 840 3288 qui
862 3214 910 3266 est
932 3203 1024 3265 iuxta
1045 3201 1207 3265 desertum
1226 3199 1365 3281 Pharan,
1387 3201 1420 3263 in
1442 3199 1579 3265 confinio
1594 3200 1659 3284 1110,
1681 3202 1737 3266 ubi
1753 3201 1916 3269 habitauit

240 3334 332 3378 socer
358 3315 427 3379 eius
448 3316 618 3400 Ysmahel,
649 3318 689 3382 de
718 3340 780 3404 quo
803 3317 919 3382 dicitur
943 3316 1081 3382 Genesis
1090 3317 1241 3396 XXI²⁵⁶)
1248 3365 1257 3398 ,
1285 3315 1371 3400 quod
1400 3316 1504 3380 factus
1527 3330 1575 3383 est
1599 3321 1649 3382 uir
1671 3340 1792 3404 gnarus
1814 3319 1914 3406 sagit-

239 3429 329 3494 tandi
352 3442 384 3494 01
405 3444 547 3499 10010100
567 3435 601 3498 10
621 3433 794 3499 solitudine
816 3433 957 3515 Pharan,
980 3432 1035 3498 ubi
1057 3433 1175 3519 legitur
1196 3435 1267 3520 ipse
1288 3444 1320 3495 et
1342 3433 1409 3495 eius
1432 3435 1555 3517 posteri
1576 3436 1772 3499 conseruari.
1807 3434 1915 3500 Duxit

240 3557 347 3610 autem
361 3546 453 3612 Esau
474 3548 556 3613 alias
577 3572 696 3614 uxores
718 3550 842 3637 absque
863 3551 936 3639 hijs,
959 3572 1039 3636 quas
1062 3551 1151 3636 prius
1173 3548 1340 3630 habuerat,
1360 3549 1445 3613 inter
1468 3572 1549 3635 quaa
1564 3573 1629 3614 una
1646 3562 1716 3614 erat
1730 3550 1914 3635 Oolihama,

238 3662 307 3727 filia
328 3663 409 3744 Aac,
432 3664 497 3729 filie
519 3664 645 3731 Sebcon
667 3665 769 3753 Euey.
811 3667 1008 3732 1010110000
1030 3665 1114 3730 filius
1138 3677 1209 3730 crat
1231 3665 1397 3747 Chanaan,
1420 3674 1452 3729 ct
1474 3664 1644 3730 habitabat
1665 3665 1788 3753 absque
1811 3665 1911 3733 dubio

306 3863 333 3932 a)
351 3862 428 3915 irrata
446 3879 499 3918 om.
518 3861 571 3930 St,
594 3861 678 3917 habet
695 3862 721 3917 h.
739 3894 771 3902 -
798 3863 827 3931 b)
845 3871 1015 3918 coemerunt
1031 3862 1071 3918 St.
1094 3871 1256 3934 accepemat
1273 3861 1298 3916 h.
1323 3891 1353 3901 —
1378 3866 1404 3925 0)
1423 3864 1456 3915 da
1473 3880 1526 3932 qao
1545 3861 1722 3933 1000101081.
1748 3865 1782 3917 da
1800 3881 1854 3933 quo
1872 3862 1915 3920 its·

371 3947 494 4015 loquitar
512 3944 588 3998 11.-
606 3946 635 4004 dl
655 3949 704 4016 qui
721 3965 785 4002 esau
803 3947 842 4002 st.
862 3951 936 4016 qaod
951 3966 1016 4002 esau
1035 3946 1061 4002 h.
1096 3946 1269 4001 Vocabulum
1288 3948 1354 4015 qaia
1371 3963 1387 4000 0
1404 3949 1565 4001 coniectura
1581 3945 1652 4001 dedi.
1670 3975 1702 3985 -
1721 3944 1913 4012 0)(10001181.

370 4061 403 4071 -
422 4030 447 4102 f)
463 4030 574 4083 01110110·
589 4031 658 4084 mita·
675 4034 809 4087 accidiam
825 4041 851 4087 01
864 4033 1064 4086 habitationum
1080 4033 1229 4085 sliuersitoa
1246 4030 1285 4085 st.
1323 4034 1401 4096 Quae
1426 4049 1476 4086 suo
1494 4029 1616 4101 quidque
1633 4030 1661 4082 10
1682 4030 1743 4085 1000
1761 4031 1912 4098 0000110110.

300 4218 371 4289 243)
402 4216 497 4274 cauea
523 4218 635 4294 Barac]
673 4219 721 4279 Do
754 4219 837 4280 Oade
865 4220 980 4279 Barnea
1015 4218 1050 4278 cf.
1094 4218 1293 4277 ecclesiastiea
1314 4238 1373 4277 nou
1397 4219 1505 4289 omitti,
1531 4216 1584 4277 sed
1603 4217 1748 4277 vocabulo
1770 4219 1841 4295 quio
1863 4237 1913 4278 ax·

235 4314 293 4375 IX.
319 4322 363 4375 19.
1093 4317 1177 4396 primi
1200 4317 1250 4374 vix
1271 4318 1415 4397 estquod
1436 4317 1541 4379 dicam.

300 4419 371 4488 244)
393 4417 428 4472 de
451 4433 507 4491 quo
525 4417 640 4494 leuiter]
664 4415 771 4479 Genea.
789 4417 842 4479 IV.
860 4424 885 4478 6.
919 4417 1051 4477 Verbum
1156 4418 1227 4487 251)
1249 4418 1288 4472 Et
1313 4415 1437 4474 Genesis
1459 4415 1604 4491 XXXII]
1627 4437 1654 4474 v.
1679 4418 1727 4475 31.

235 4514 343 4590 lepitur
366 4533 382 4573 0
405 4515 572 4573 0001001010
594 4515 733 4579 dedimus.
1156 4516 1226 4579 252)
1251 4516 1289 4571 Ε1
1312 4515 1407 4588 iufra]
1430 4513 1504 4575 Gon.
1526 4514 1682 4575 XXXIII.
1709 4520 1734 4575 l.

299 4617 371 4686 245)
387 4613 523 4686 Pharan]
542 4612 785 4686 PharamParan.
808 4614 844 4677 V.
859 4614 954 4674 Ritter
965 4615 1051 4676 XIV.
1157 4615 1228 4683 253)
1251 4613 1396 4688 Phanuel]
1418 4614 1520 4673 Puuel.
1555 4612 1590 4673 V.
1610 4635 1637 4673 v.
1652 4613 1780 4672 Raumer
1800 4634 1829 4692 p.
1843 4617 1914 4686 223,

236 4716 304 4772 270.
320 4721 348 4770 01
363 4710 566 4771 'l'ischendorf
574 4713 638 4771 Auo
653 4711 680 4772 d.
694 4713 761 4773 heil.
777 4713 881 4772 Laude
894 4735 924 4793 p.
936 4718 973 4774 48
986 4735 1050 4793 sqq.
1094 4711 1187 4769 Rilter
1208 4711 1269 4770 XV
1292 4715 1344 4786 (l).
1366 4718 1433 4771 477.

298 4817 369 4886 246)
395 4813 487 4876 Quem
500 4813 586 4888 leupo
599 4820 682 4887 temp.
698 4811 889 4887 circuierunt]
913 4811 949 4871 V.
964 4813 1051 4872 Dout.
1160 4812 1231 4881 254)
1255 4810 1388 4885 Sochotd]
1405 4809 1531 4881 Sukkm,
1543 4810 1681 4885 Succoth,
1700 4809 1840 4870 Suehoth.
1865 4809 1912 4872 cf.

233 4912 274 4971 ΙΙ.
302 4917 325 4970 1.
1093 4906 1188 4967 Ritter
1207 4907 1268 4965 XV
1290 4911 1343 4983 (l).
1367 4912 1555 4980 446-448,
1582 4930 1610 4968 v.
1632 4908 1761 4968 Raumer
1788 4931 1816 4989 p.
1841 4912 1910 4970 224.

297 5013 369 5083 247)
391 5009 620 5084 [1001000011]
644 5006 740 5081 Quem
759 5027 875 5067 versum
893 5006 981 5082 dicat,
1003 5027 1051 5066 ne·
1095 5009 1162 5067 228.
1212 5004 1273 5065 Sed
1310 5006 1369 5065 vid.
1399 5008 1539 5087 imprimis
1568 5006 1825 5082 Vandevoldium‚
1863 5008 1913 5088 qni

237 5108 305 5179 scio,
327 5109 381 5165 nisi
401 5107 475 5182 XII,
498 5109 547 5186 qui
569 5110 618 5166 vix
640 5107 771 5187 quadrat.
1094 5104 1228 5174 (Memoir
1250 5126 1277 5184 p.
1301 5109 1373 5178 350)
1400 5127 1502 5166 100000
1523 5100 1681 5176 8111101111,
1708 5105 1788 5187 qnod
1816 5107 1913 5167 minus

297 5207 368 5278 248)
380 5214 502 5263 attentem
513 5205 645 5283 Gulaud]
662 5205 777 5277 Gilead,
787 5205 937 5266 Dachebel
948 5205 1054 5264 Dschi·
1099 5211 1111 5263 1
1136 5204 1209 5263 hora
1226 5204 1311 5264 abeat
1331 5225 1349 5264 0
1364 5204 1454 5265 Wadi
1465 5205 1574 5277 hlaleh,
1597 5207 1745 5285 componit
1758 5226 1825 5264 cunr
1838 5209 1913 5266 anti·

235 5302 305 5375 l'ad‚
331 5314 461 5361 montem
482 5304 599 5365 'Oseha
652 5305 729 5365 Vide
751 5303 948 5365 Vandeveldii
973 5303 1054 5363 tabu·
1096 5323 1183 5382 quarn
1203 5303 1340 5376 Succoth,
1361 5308 1471 5387 quippe
1484 5325 1560 5385 quae
1577 5325 1637 5364 una
1651 5305 1696 5374 ait.
1717 5324 1778 5364 non
1794 5304 1913 5385 duplex.

235 5403 293 5462 lam
315 5420 415 5480 geogr.
439 5411 508 5462 0001.
525 5411 553 5465 6.
1157 5405 1228 5475 255)
1251 5405 1300 5461 051
1321 5406 1438 5481 lepitar]
1461 5404 1536 5465 Gen.
1549 5402 1705 5463 XXXIII.
1732 5403 1912 5465 172Et1a-

299 5505 369 5570 249)
395 5500 520 5560 Genesis
540 5503 697 5578 XXXVI]
718 5523 745 5564 v.
767 5508 793 5563 6.
1095 5499 1150 5560 001)
1172 5502 1251 5561 venit
1273 5505 1302 5561 10
1324 5502 1443 5565 Socoth.

297 5603 369 5672 250)
389 5600 459 5675 quia
488 5600 581 5675 Esau]
614 5599 760 5661 Graecum
788 5595 831 5661 ὅτι
862 5621 878 5662 0
907 5602 1051 5661 latinitate
1156 5603 1226 5674 256)
1249 5603 1283 5660 de
1306 5621 1362 5679 quo
1383 5603 1494 5661 dicitur
1519 5601 1643 5660 Genesis
1664 5601 1759 5677 XXI]
1782 5624 1809 5660 v.
1832 5604 1879 5663 20.
