4214 6096
1004 347 1044 409 49

192 531 309 596 montis
329 529 477 594 Hermon
497 535 530 590 et
551 538 686 592 uocatur
705 530 909 601 Harmoniam,
930 524 970 589 de
992 547 1054 611 quo
1076 523 1197 590 dictum
1219 536 1268 590 est
1290 525 1467 611 supra³¹⁰),
1488 526 1523 588 in
1545 548 1607 612 quo
1629 533 1677 590 est
1699 525 1761 588 sita
1782 523 1862 588 uilla

191 645 313 711 Endon.
356 644 401 709 Et
421 641 557 730 impedit
576 646 638 707 iste
658 652 773 720 tumor,
794 664 835 706 ne
857 663 938 726 aque
960 639 1129 727 pluuialea,
1152 663 1214 728 que
1235 640 1355 706 cadunt
1375 643 1410 704 in
1432 650 1565 727 utroque
1587 649 1705 722 monte,
1727 638 1860 705 descen·

192 761 270 827 dant
296 760 340 825 ad
361 759 492 846 plagam
520 780 620 823 unam
648 780 759 822 omnes
765 808 774 841 ,
804 758 861 823 sed
892 780 970 843 pars
991 779 1058 822 una
1076 756 1243 822 descendit
1263 767 1376 822 contra
1399 758 1554 822 orientem
1576 768 1607 820 et
1628 754 1809 840 ingreditur
1827 757 1860 819 in

192 898 282 941 mare
304 874 500 952 Galilee³¹¹)
522 897 587 938 non
608 873 704 959 longe
730 897 750 937 a
773 876 903 938 ciuitate
922 872 1076 938 Bethsan.
1119 874 1158 938 ln
1186 873 1249 938 hoe
1269 883 1410 937 torrente
1432 872 1532 939 Oison
1553 874 1711 958 pugnauit
1731 869 1862 936 Baraelr

191 1013 263 1056 oum
284 991 413 1071 Sisara,
448 1000 482 1055 ut
503 989 620 1054 dicitur
640 990 787 1054 ludicum
808 990 916 1069 Vm).
957 988 1035 1053 Alia
1063 1011 1141 1075 pars
1163 988 1329 1053 descendit
1351 1000 1463 1054 contra
1486 986 1684 1053 occidentem
1706 986 1749 1051 ad
1771 1008 1861 1050 mare

171 1123 354 1192 ‘magnum
402 1105 447 1169 Et
477 1107 511 1169 in
540 1105 600 1170 hoc
626 1115 768 1169 torrente
797 1105 896 1171 Oison
924 1105 1038 1170 Helias
1062 1105 1224 1169 interfecit
1251 1104 1436 1169 sacerdotes
1463 1104 1561 1185 Baal,
1594 1114 1629 1168 ut
1656 1103 1773 1168 dieitur
1801 1102 1861 1167 ΠΙ.

191 1223 396 1309 Regum⁸¹³).
432 1220 486 1286 Ad
507 1222 602 1285 istam
626 1230 735 1285 tamen
753 1231 889 1307 partem,
909 1243 971 1308 que
993 1230 1105 1285 contra
1129 1219 1328 1286 occidentem
1352 1219 1432 1302 fluit,
1455 1218 1649 1305 colliguntur
1667 1240 1749 1305 aque
1763 1216 1862 1283 multe

192 1338 232 1404 de
263 1347 372 1403 monte
391 1336 538 1422 Effraym
565 1347 596 1400 et
623 1335 663 1400 de
689 1335 769 1400 loeis
791 1335 939 1402 Samaria
965 1337 1157 1422 propinquis
1165 1345 1190 1413 ²)
1219 1347 1250 1400 et
1272 1335 1312 1400 de
1332 1346 1399 1401 toto
1422 1356 1537 1420 campo
1558 1356 1676 1419 magno
1699 1332 1862 1398 Esdrelon

193 1463 224 1519 et
244 1452 341 1540 ann
362 1463 470 1518 monte
492 1463 523 1516 et
543 1451 694 1537 Magedo.

315 1569 368 1634 De
396 1567 468 1632 loco
496 1568 727 1632 interfectionis
757 1565 961 1632 sacerdotum
982 1566 1064 1631 Baal
1095 1566 1138 1631 ad
1160 1581 1226 1633 tres
1248 1568 1358 1633 leucas
1378 1579 1490 1632 contra
1512 1577 1655 1631 austrum
1678 1577 1727 1630 est
1749 1564 1861 1631 castel·
1880 1579 1895 1629 1

192 1685 257 1751 lum
279 1689 398 1750 montis
419 1683 529 1768 ann,
554 1685 684 1762 Goymon
707 1682 945 1766 dictumb)³¹⁴),
967 1684 1001 1747 in
1023 1683 1105 1770 pede
1126 1684 1263 1748 extremi
1283 1685 1400 1748 montis
1423 1682 1585 1765 Carmeli,
1609 1683 1697 1759 ubi0)
1719 1681 1863 1746 Lamech

194 1800 287 1887 ann
309 1801 430 1884 sagitta
447 1798 618 1879 interfecit,
640 1810 677 1862 ut
698 1798 816 1863 dieitur
838 1798 976 1864 Genesis
997 1799 1126 1873 IV³¹⁵):
1153 1803 1257 1862 Occidi
1277 1804 1374 1862 uirum
1395 1803 1427 1861 in
1449 1805 1558 1861 uulnus
1579 1822 1679 1861 cneum.

315 1915 368 1980 De
390 1914 484 2008 ann
512 1923 620 1978 monte
639 1915 688 1979 III
714 1914 813 1979 leucis
841 1926 953 1979 contra
985 1925 1129 1980 austrum
1157 1926 1205 1981 est
1226 1916 1441 1996 1119110316),
1470 1915 1556 2001 quod
1584 1937 1669 1979 nuno
1697 1917 1895 1990 sutertona

193 2032 326 2114 dicitur,
357 2029 413 2094 ubi
435 2040 579 2094 mortuus
602 2029 719 2094 dicitur
741 2030 914 2113 Ochosias,
943 2054 1002 2095 rex
1022 2030 1120 2112 Iuda,
1158 2054 1253 2116 quem
1274 2031 1402 2114 Iehu0),
1423 2053 1484 2095 rex
1504 2029 1616 2111 Israel,
1636 2029 1864 2095 uulnerauerat

191 2150 284 2215 iuxta
302 2146 447 2212 Iesrahel
467 2147 502 2209 in
525 2167 661 2210 ascensu
683 2145 803 2227 Gabar,
825 2148 953 2233 quando
974 2148 1091 2228 loram,
1112 2169 1223 2233 regem
1244 2147 1363 2229 Israel,
1386 2148 1505 2232 sagitta
1526 2144 1686 2209 interfecit
1709 2157 1741 2209 et
1762 2146 1865 2231 proici

191 2263 268 2331 feeit
287 2264 322 2328 in
343 2284 458 2348 agrum
478 2260 634 2338 Naboth‘)
656 2261 853 2327 Iesrahelite.
894 2263 932 2327 In
953 2262 1015 2328 hoc
1036 2262 1149 2327 eodem
1170 2262 1310 2349 Magada
1334 2265 1459 2328 occisus
1481 2271 1531 2326 est
1551 2262 1671 2342 Iosias,
1694 2283 1754 2325 rex
1773 2259 1864 2342 Iuda,

194 2403 214 2446 a
232 2379 421 2460 Pharaone,
450 2400 527 2463 rege
548 2377 687 2464 Egypti,
717 2377 845 2464 quando
867 2378 1132 2465 proficiscebatur
1162 2378 1205 2442 ad
1226 2379 1344 2444 flumen
1365 2379 1542 2443 Eufratem.

316 2494 360 2558 Et
385 2505 479 2576 nota,
510 2492 597 2581 quod
629 2518 749 2574 corupus
771 2495 967 2574 Menedemi)
996 2504 1027 2559 et
1047 2494 1208 2560 Eadrelon
1240 2506 1271 2559 et
1291 2496 1446 2583 planicies
1471 2494 1595 2560 Galilee
1616 2517 1715 2559 unum
1737 2504 1810 2556 sunt
1832 2501 1895 2558 ett

194 2611 289 2694 idem,
311 2610 369 2676 sed
391 2611 522 2675 nomina
544 2608 609 2673 alia
630 2612 737 2674 onmia
761 2612 960 2696 quieuerunt,
982 2620 1013 2674 et
1034 2610 1217 2697 appellatur
1238 2633 1324 2675 nuno
1344 2614 1554 2676 communiter
1576 2634 1697 2690 europus
1713 2608 1863 2682 Fate³¹⁸>

196 2728 381 2814 aquodam
408 2724 539 2790 castello
561 2730 647 2787 Fata
675 2725 777 2808 dicto,
803 2725 889 2813 quod
919 2725 1018 2791 distat
1050 2750 1070 2791 a
1098 2729 1229 2791 ciuitate
1249 2727 1352 2792 Afech
1380 2741 1536 2815 quantum
1560 2737 1611 2792 ter
1632 2735 1738 2813 potest
1758 2725 1865 2788 iacere

196 2866 297 2910 arcus.
339 2844 401 2908 Est
422 2852 527 2907 autern
549 2843 583 2905 in
604 2842 652 2904 rei
672 2842 808 2905 ueritate
830 2865 952 2921 campus
976 2845 1104 2920 Galilee,
1138 2866 1200 2928 que
1227 2845 1332 2909 cincta
1353 2854 1404 2909 est
1425 2843 1466 2909 ab
1490 2845 1611 2908 oriente
1633 2841 1716 2905 mari
1739 2837 1865 2904 Galilee

279 3041 476 3114 )propiuqaoa
495 3039 536 3094 St.
552 3038 720 3109 propinquis
735 3037 762 3090 h.
781 3070 813 3078 —
836 3038 865 3108 b)
883 3039 1022 3094 castellum
1038 3042 1138 3095 mantra
1154 3043 1256 3095 dictam
1275 3043 1304 3095 ia
1318 3044 1389 3112 poda
1407 3040 1448 3097 st.
1468 3041 1607 3096 casalium
1622 3040 1721 3093 montio
1741 3040 1822 3106 Caym
1839 3036 1865 3089 h.

328 3124 370 3180 Cf.
383 3125 434 3182 Ed.
454 3129 541 3178 venet.
554 3122 604 3178 xl.
618 3126 642 3189 8,
659 3138 731 3192 quae
749 3121 832 3176 habet
843 3122 981 3192 Coymotlr.
996 3152 1030 3162 -
1047 3124 1132 3179 Editt.
1153 3134 1244 3181 autem
1261 3143 1395 3181 annorum
1415 3131 1480 3181 1535
1497 3133 1527 3180 ct
1547 3130 1610 3179 ttot
1628 3123 1732 3177 habent
1749 3129 1866 3176 castrum

331 3208 408 3262 Cain.
437 3239 463 3246 -
489 3210 515 3278 c)
531 3206 580 3258 uti
596 3206 706 3258 Lometlt
728 3213 758 3258 ut
774 3207 877 3259 dicitur
896 3206 971 3275 Capu
987 3207 1089 3276 sagitto
1113 3208 1252 3278 interfecit
1269 3216 1299 3262 ut
1315 3210 1418 3263 dicitur
1438 3209 1506 3264 Gan.
1523 3207 1564 3264 St.
1584 3239 1616 3248 -
1640 3207 1668 3274 d)
1687 3207 1809 3260 Saburbe
1826 3205 1865 3261 St.

326 3291 469 3345 Srrlmbeh.
490 3290 631 3344 Subirnbre
647 3289 732 3344 Editt.
752 3306 777 3342 a.
789 3295 852 3346 1535
870 3296 899 3344 et
918 3295 988 3345 1704.
1008 3320 1038 3330 -·
1060 3292 1163 3361 sponte,
1183 3293 1215 3347 B.
1234 3324 1266 3334 -
1285 3302 1312 3356 e)
1329 3293 1399 3346 Iheu
1410 3293 1449 3348 St.
1467 3325 1501 3333 —
1518 3293 1546 3363 f)
1564 3310 1688 3362 rrmpuum
1704 3291 1811 3345 raoboclt
1824 3289 1864 3347 St.

259 3466 330 3537 310)
352 3465 388 3521 de
410 3481 466 3538 quo
487 3461 595 3519 dictum
617 3469 659 3517 est
681 3460 783 3536 supro]
808 3460 861 3520 VI.
888 3467 933 3521 10.
1050 3486 1126 3525 mon.
1172 3464 1272 3525 Editio
1304 3474 1420 3535 veneta,
1447 3475 1480 3522 ut
1507 3463 1640 3537 diximus,
1673 3463 1762 3523 habet
1791 3465 1866 3541 Cay-

260 3564 332 3635 311)
352 3561 520 3637 ingreditur
548 3560 579 3616 in
600 3579 682 3616 roure
705 3558 829 3634 Golilee]
858 3558 941 3618 Idem
964 3579 1009 3617 su·
1051 3566 1142 3637 moth,
1177 3564 1256 3644 quod
1289 3567 1359 3623 satis
1397 3584 1489 3644 prope
1525 3561 1638 3622 accedit
1673 3563 1711 3621 ad
1744 3563 1866 3622 formam

196 3681 249 3740 pra
261 3659 314 3719 VI.
337 3664 354 3718 9
376 3658 450 3717 dixit
469 3656 673 3732 Burchardue3
695 3677 784 3736 quare
806 3676 932 3717 errorem
955 3657 1011 3716 hoo
1052 3661 1196 3742 Oeymon.
1226 3695 1264 3706 —
1293 3663 1330 3723 V.
1358 3683 1415 3721 vau
1442 3662 1478 3722 de
1510 3661 1605 3721 Valde
1627 3662 1715 3721 Mem.
1745 3683 1773 3741 p.
1797 3666 1865 3723 326.

197 3778 311 3838 qnoque
341 3757 405 3816 loco
433 3764 596 3816 exstantem
622 3776 682 3814 nou
700 3775 864 3833 ,possumus
892 3760 961 3837 quiu
985 3758 1011 3817 ei
1052 3762 1166 3821 Recens
1188 3762 1319 3821 Kaimim
1347 3763 1498 3840 antiquum
1518 3760 1662 3821 Iolmeam
1685 3782 1749 3822 csse
1770 3763 1867 3822 fertur.

196 3858 268 3937 ipsi,
302 3878 362 3916 non
390 3856 505 3914 librario
538 3856 720 3934 imputemus.
770 3853 886 3914 Cleonis
915 3857 1010 3917 fontes
1053 3861 1169 3921 Nomen
1202 3861 1331 3937 Capaneu
1366 3861 1437 3920 nihil
1473 3861 1552 3919 aliud
1587 3872 1631 3920 est
1664 3881 1752 3940 quam
1784 3861 1867 3936 Capu

195 3957 345 4036 praecipui
367 3957 497 4013 oriuntur
518 3953 556 4012 ad
577 3952 682 4032 podem
705 3956 962 4031 septentrionalem
984 3967 1011 4016 et
1053 3980 1143 4018 1110111.
1187 3960 1340 4018 Vocabula
1365 3960 1448 4036 Capu
1465 3961 1594 4035 Ocyroen
1621 3974 1740 4039 propter
1767 3980 1867 4018 eorum

196 4053 406 4114 occidentalem
424 4055 530 4112 montis
544 4052 654 4124 I'abor,
675 4054 873 4112 innatantem
887 4055 917 4112 in
931 4075 1011 4114 mare
1052 4059 1269 4118 similitudinem
1292 4058 1434 4116 excidisse
1449 4057 1592 4128 ridentur,
1614 4060 1807 4138 praecedente
1826 4062 1868 4118 in·

196 4152 448 4223 mediterraneum,
471 4173 528 4210 non
550 4154 580 4211 in
603 4153 697 4210 lacum
714 4151 890 4212 'I'iberiadia
920 4154 1009 4213 Cison
1052 4179 1140 4237 super
1161 4158 1304 4217 vocabulo
1327 4158 1440 4215 orontis.

197 4252 345 4311 orientalis
360 4249 914 4322 fortasseestrecensNaln·Dseheltid,
931 4252 1009 4330 quod
1116 4260 1186 4331 315)
1214 4255 1336 4316 Gertesis
1359 4259 1380 4315 I
1385 4257 1422 4333 1³]
1451 4279 1476 4315 v.
1501 4261 1547 4317 23.
1591 4256 1651 4316 Sed
1680 4256 1801 4316 verbum
1823 4277 1868 4316 oc-

196 4372 287 4431 prope
309 4351 455 4409 Bethsean
479 4351 552 4421 exit,
575 4348 626 4408 sed
649 4352 677 4407 in
701 4349 871 4419 Iordanem,
900 4352 1009 4409 nonin
1054 4357 1113 4415 cidi
1141 4357 1168 4417 11,
1192 4357 1209 4415 l,
1238 4357 1382 4432 significat
1408 4366 1523 4434 tempus
1546 4356 1687 4418 futurum,
1717 4377 1776 4414 non
1804 4376 1868 4434 per·

196 4469 276 4509 mere
297 4447 448 4509 Galilaeae
476 4470 497 4507 S·
521 4449 616 4507 lacum
635 4449 663 4505 T
666 4447 813 4507 iberiadis·
858 4449 894 4508 V·
917 4448 1012 4509 Ritter
1054 4458 1175 4529 fectum,
1196 4477 1253 4535 quo
1276 4466 1367 4513 totum
1388 4456 1618 4533 interpretationi
1640 4456 1683 4513 illi
1697 4455 1868 4514 fundamen·

195 4548 256 4607 XV
278 4552 330 4622 (l).
362 4555 429 4610 116.
453 4549 530 4607 XVI
552 4553 619 4608 416.
646 4553 719 4622 6913
747 4546 942 4607 Vaudeveldii
968 4560 1011 4607 ta·
1052 4566 1113 4613 tum
1133 4554 1320 4613 subtrahitur.
1337 4553 1474 4625 Accedit,
1496 4552 1573 4632 quod
1589 4555 1775 4613 monsKaim
1793 4555 1870 4613 Hur-

195 4646 295 4707 bulam
314 4668 407 4726 geogr
439 4656 507 4707 sect.
531 4654 556 4708 5.
1053 4653 1122 4723 mul,
1140 4655 1185 4711 cui
1200 4655 1326 4711 narratio
1339 4654 1391 4710 illa
1404 4653 1491 4729 vulgo
1507 4653 1678 4719 attribuitur,
1703 4653 1793 4710 multo
1808 4653 1870 4711 lou·

259 4750 330 4820 312)
352 4757 384 4805 ot
414 4749 525 4805 dicitur
553 4749 619 4805 Iud.
651 4746 688 4820 Vl
717 4766 740 4805 c.
762 4745 807 4803 lV
838 4766 865 4804 r.
892 4751 926 4806 15
949 4767 1011 4826 sqq.
1053 4754 1119 4829 gius
1142 4753 1368 4830 septentrionem
1391 4771 1491 4809 versus
1514 4751 1551 4809 ud
1572 4749 1711 4809 Orontem
1728 4753 1799 4810 situs
1817 4762 1869 4812 est.

195 4853 225 4904 et
245 4864 311 4924 cap.
334 4845 370 4904 V.
1119 4854 1190 4925 316)
1212 4849 1349 4927 Μαρεᾱο)
1372 4848 1531 4926 Megiddo,
1555 4870 1632 4907 nuno
1655 4850 1725 4909 Tell
1753 4850 1871 4910 Meteel·

263 4948 335 5018 313)
357 4947 416 5003 ΙΙΙ
433 4944 513 5020 Rau]
534 4943 654 5003 XVIII.
681 4949 728 5003 40.
1056 4950 1114 5008 lim.
1157 4948 1193 5009 V.
1217 4970 1274 5007 van
1297 4949 1333 5007 de
1356 4948 1452 5007 Velde
1473 4948 1594 5007 memoir
1616 4970 1642 5026 p.
1660 4953 1718 5009 333
1733 4969 1774 5028 sq.
1811 4950 1871 5009 Alii

260 5045 331 5117 314)
360 5046 511 5102 castellum
548 5042 651 5098 ›nontis
681 5041 765 5117 Gayn
797 5041 927 5117 Caystros
953 5044 1013 5101 dic·
1056 5051 1205 5127 antiquam
1228 5047 1327 5105 urbem
1350 5047 1529 5122 Legionem,
1555 5056 1700 5104 recentem
1720 5047 1871 5126 el·Lejj1'm

198 5143 265 5218 tum]
298 5143 423 5203 Duabus
451 5142 591 5221 imprimis
620 5140 779 5199 rationibus
810 5144 933 5220 permoti
964 5164 1015 5201 uo-
1056 5168 1077 5209 s.
1102 5145 1259 5205 Ledschim
1283 5164 1348 5202 cum
1370 5145 1441 5203 urbe
1463 5144 1603 5220 Megiddo
1627 5147 1804 5205 consociant,

196 5262 263 5301 men
282 5241 422 5320 Onymon,
445 5244 474 5300 in
497 5238 645 5299 codicibus
662 5240 808 5317 omissum,
829 5242 1014 5299 restituimus.
1118 5251 1190 5317 317)
1211 5263 1334 5319 catupua
1360 5243 1498 5318 ilfoycdo]
1533 5243 1619 5300 Nunc
1649 5254 1693 5301 est
1720 5243 1871 5305 Mardach-

195 5338 325 5400 Primum
352 5362 406 5401 nos
436 5341 528 5400 movit
560 5358 662 5398 recens
689 5358 796 5398 nomen
824 5339 1013 5399 el·Kaimim.
1055 5345 1217 5404 Ibo-Amir.
1260 5342 1297 5401 V.
1320 5363 1346 5403 v.
1367 5341 1495 5400 Raumer
1516 5362 1543 5420 p.
1567 5347 1614 5400 35.

195 5439 322 5514 Deinde,
341 5440 420 5521 quod
437 5437 642 5498 Vaudeveldio
658 5445 775 5495 auctore
793 5437 929 5499 Iudithae
942 5439 1012 5499 VH.
1119 5447 1188 5517 318)
1212 5463 1332 5518 canipae
1353 5440 1443 5516 Faba]
1472 5439 1518 5503 Cf.
1541 5461 1569 5501 v.
1592 5439 1720 5500 Raumer
1742 5448 1779 5504 35
1803 5458 1872 5503 nota

188 5542 215 5625 Ι3
237 5540 356 5616 legitur,
377 5540 527 5618 Kaymon‚
548 5538 663 5595 tametsi
676 5536 803 5612 Augusti
818 5534 912 5594 dedit:
934 5539 1012 5596 Kou-
1056 5546 1110 5615 483
1143 5541 1192 5601 ubi
1214 5540 1400 5600 Burchardus
1431 5538 1564 5599 citandus
1591 5549 1667 5612 erat,
1696 5541 1871 5603 1101131111-

196 5641 300 5714 μῶνος,
328 5649 358 5699 ct
389 5660 455 5698 oum
485 5638 614 5716 Vulgata
643 5636 734 5694 latina
761 5635 906 5695 Lutherus
930 5638 1011 5697 Cloel-
1055 5652 1115 5714 tus,
1138 5642 1186 5719 qui
1210 5641 1305 5698 hausit
1327 5650 1438 5698 tantum
1461 5658 1497 5698 ex
1519 5637 1698 5698 Burchardo.

1646 5755 1659 5802 7
