4214 6096
1021 376 1060 439 68

205 550 282 616 sale.
325 548 397 613 Hac
426 551 534 615 omnia
561 551 713 615 existenti
740 550 808 616 illie
834 551 876 615 ad
898 551 1026 616 oculum
1046 562 1167 639 patent.
1211 556 1386 632 Sepulcrum
1414 556 1499 619 enim
1522 560 1649 636 uirqinis
1669 558 1881 641 ploricse⁴⁰⁶),

203 665 289 752 quod
312 667 417 731 estin
436 664 521 730 ualle
543 666 712 753 Iosophat,
733 690 799 732 non
820 666 950 755 quidem
970 669 1005 731 in
1026 668 1095 732 cius
1118 668 1351 755 profunditate,
1380 670 1437 735 sed
1458 670 1491 732 in
1513 668 1597 756 pede
1617 672 1736 737 montis
1757 672 1880 757 aliaeu,

201 806 319 870 parum
346 792 455 847 tamen
477 803 574 866 super
596 779 712 846 uallem
736 784 821 847 etin
845 783 1016 870 superficie
1037 784 1176 860 erat⁴⁶⁶)
1202 794 1346 870 tempore
1373 782 1585 851 habitationis
1605 787 1782 853 Ierusalem
1804 800 1881 855 ante

202 897 455 975 subuersionem,
477 904 596 975 nunes)
620 907 669 960 est
688 896 785 983 longe
807 898 867 963 sub
889 909 990 981 terra,
1016 897 1098 963 adeo
1126 899 1211 986 quod
1240 898 1377 964 ecclesia
1398 902 1481 986 'ipsa
1502 923 1572 965 cum
1594 905 1636 968 sit
1655 904 1792 971 multum
1814 904 1882 971 alta

201 1016 263 1092 etl)
286 1013 493 1094 testudinata,
516 1023 585 1077 tota
607 1037 691 1077 nunc
716 1015 756 1077 sit
781 1014 949 1078 subterra
972 1024 1004 1079 et
1026 1015 1154 1079 omnino
1177 1026 1340 1100 cooperta,
1365 1023 1397 1078 et
1419 1015 1514 1081 uallis
1533 1016 1672 1105 desuper
1687 1031 1756 1085 tota
1769 1020 1879 1107 plana,

200 1143 236 1194 ut
257 1131 312 1193 uia
334 1130 377 1193 sit
399 1151 496 1214 super
519 1130 688 1194 ecelesiam
712 1128 921 1194 adeundum.
963 1129 1024 1194 Est
1044 1138 1152 1194 tammr
1174 1131 1208 1193 in
1229 1131 1398 1216 superficie
1420 1143 1505 1197 terre
1528 1134 1691 1221 quoddam
1714 1135 1878 1201 edificium

200 1244 243 1309 ad
265 1244 396 1309 modum
419 1245 576 1330 capellula
597 1246 729 1326 factum,
752 1245 838 1330 quod
861 1253 965 1324 cum0)
986 1247 1120 1309 interius
1143 1245 1348 1310 descenderis
1358 1251 1383 1322 d)
1405 1270 1465 1332 per
1485 1248 1608 1333 gradus
1625 1250 1794 1337 plurimos,
1816 1250 1878 1317 sub

200 1363 342 1426 terrain
366 1358 535 1424 ecelesiam
564 1363 701 1448 ipsane)
724 1361 766 1425 ad
788 1360 971 1447 sepulcrum
1003 1362 1139 1445 uirginis
1162 1360 1303 1447 gloriose
1325 1366 1532 1447 perueniess).
1574 1364 1617 1429 Et
1647 1366 1760 1448 credo,
1789 1366 1877 1452 (pund

201 1487 274 1542 sunt
290 1476 361 1539 LX.
403 1458 467 1540 Est
488 1486 595 1541 autem
619 1477 800 1564 sepulerum
823 1480 855 1540 in
877 1477 983 1542 medIo
1004 1477 1095 1541 chori
1117 1487 1230 1542 contra
1251 1477 1364 1559 altare,
1387 1502 1603 1544 nrarmoreurn
1619 1492 1651 1545 et
1670 1482 1808 1547 mirifice
1822 1480 1876 1549 da·

201 1606 354 1658 curatum.
397 1591 441 1655 Et
469 1614 529 1677 ego
558 1594 604 1656 fui
631 1595 663 1657 in
691 1593 827 1658 eeclesia
848 1595 937 1679 ipsa,
972 1603 1003 1656 ct
1030 1592 1099 1657 uidi
1121 1591 1312 1679 sepulerum.
1355 1594 1505 1659 Ecclesia
1527 1606 1634 1660 tamen
1663 1597 1799 1663 mtdtum
1819 1598 1877 1663 hu·

200 1708 358 1786 midaiffi)
381 1720 429 1773 cst
450 1710 594 1791 interius,
616 1710 692 1795 quia
713 1719 838 1773 torrens
861 1708 1059 1785 ceuronttt)
1081 1721 1130 1773 est
1151 1708 1211 1773 sub
1232 1710 1307 1796 ipsa
1328 1709 1559 1796 repletionibus
1583 1712 1781 1798 supradictis
1802 1736 1876 1780 coo·

201 1836 328 1912 pertus,
358 1836 389 1889 et
412 1825 541 1910 quando
564 1826 660 1889 fuerit
681 1825 848 1889 inundatio
877 1847 959 1911 aque
980 1822 1180 1910 pluuiarum,
1208 1826 1279 1911 ipse
1301 1838 1443 1909 torrens,
1476 1830 1531 1914 qui
1554 1827 1661 1892 adhuc
1685 1830 1720 1893 in
1742 1830 1875 1917 antIquo

201 1964 259 2005 suo
290 1952 397 2005 meatu
427 1940 487 2004 sub
509 1940 740 2028 repletionibus
762 1943 843 2027 ipsis
867 1941 1015 2021 currite),
1045 1962 1216 2026 erumpens
1238 1941 1342 2027 replet
1365 1941 1534 2007 ecelesiam
1564 1946 1596 2008 in
1617 1955 1758 2021 tantum,
1787 1946 1875 2033 quod

200 2079 276 2142 sepe
305 2080 362 2143 per
391 2058 543 2135 ostiumh)
572 2057 694 2141 capelle
724 2058 870 2143 superius
900 2057 1005 2143 posite
1034 2076 1091 2140 per
1115 2078 1225 2120 omnes
1246 2057 1369 2141 gradim
1392 2058 1574 2124 exuberans
1596 2061 1759 2139 exit¹)⁴⁶⁹)
1780 2083 1874 2147 aqua.

198 2174 237 2237 ln
264 2173 422 2237 cimiterio
452 2195 530 2237 uero
556 2175 658 2258 ipsius
688 2171 821 2237 ecclesie
850 2195 914 2237 non
936 2171 1031 2255 longe
1055 2169 1097 2233 ab
1119 2174 1188 2234 eius
1209 2173 1290 2236 ostio
1312 2172 1459 2237 hauritur
1478 2196 1564 2261 aqua
1584 2175 1626 2240 ab
1647 2176 1811 2262 indigenis
1833 2176 1874 2243 de

198 2289 286 2353 sonte
308 2288 459 2376 (lundam,
484 2290 594 2375 quiin
619 2289 846 2367 Nehemia470)
861 2296 937 2365 four
958 2287 1167 2363 draconisflb
1190 2285 1324 2370 dicitur,
1345 2300 1421 2355 ante
1442 2300 1571 2375 portam
1592 2289 1688 2355 uallis
1711 2294 1781 2356 siue
1802 2315 1874 2378 gre·

198 2408 258 2490 gis.
300 2404 449 2470 Ecclesia
479 2416 586 2469 autem
613 2405 707 2469 beate
738 2406 874 2491 uirginis
903 2404 1009 2467 lumen
1035 2400 1134 2465 habet
1160 2403 1246 2466 intus
1274 2403 1314 2467 do
1344 2406 1494 2469 fenestris
1527 2406 1736 2471 orientalibus
1759 2418 1874 2474 contra

197 2533 339 2586 montem
361 2521 469 2586 oliueti
491 2523 617 2608 positis,
639 2520 693 2584 ubi
717 2520 799 2585 bene
820 2530 928 2607 potest
949 2516 1124 2584 seeundum
1147 2517 1209 2583 loci
1235 2518 1479 2605 dispositionem
1500 2520 1556 2584 lux
1579 2521 1734 2586 accedere
1757 2522 1834 2588 dici.

322 2637 396 2702 Non
417 2637 512 2723 longe
534 2638 576 2727 ab
598 2638 681 2703 ostio
704 2637 798 2701 huius
820 2635 952 2722 capelle,
974 2657 1035 2719 que
1058 2633 1147 2698 ducit
1167 2634 1209 2698 ad
1229 2635 1398 2699 ecclesiam
1421 2647 1535 2701 contra
1556 2640 1729 2721 orientem,
1756 2638 1871 2704 vidali-

199 2764 249 2819 cet
272 2753 300 2816 L
322 2751 477 2839 pedibus,
506 2765 555 2817 est
575 2755 691 2818 ostium
714 2752 847 2816 alterius
867 2751 1023 2832 ecclesie,
1052 2772 1113 2834 quc
1135 2762 1269 2815 uocatur
1293 2754 1566 2832 Getlrserrraai⁴³²),
1596 2753 1651 2818 ubi
1680 2766 1751 2818 erat
1771 2766 1871 2839 ortus,

198 2892 293 2958 quem
314 2871 458 2935 introiuit
479 2870 641 2934 Dominus
664 2891 736 2934 eum
759 2867 927 2954 discipulis
950 2868 1026 2948 suis,
1048 2868 1082 2929 in
1102 2866 1203 2929 latere
1223 2868 1349 2948 montis,
1372 2867 1531 2932 adherens
1554 2868 1681 2933 cuidam
1703 2870 1777 2957 rupi
1798 2892 1872 2937 con-

199 3007 279 3050 caue
302 2985 342 3049 de
365 2996 473 3049 niente
495 2984 702 3071 dependenti,
725 2984 818 3062 subt)
841 3006 905 3069 qua
926 3005 1007 3068 rupe
1030 2981 1181 3067 discipuli
1202 2982 1367 3064 sedebant,
1391 2983 1519 3068 quando
1535 2984 1618 3049 dixit
1632 2987 1679 3049 eis
1695 2984 1872 3052 Dominus:

198 3106 320 3181 ,‚Scdcte
343 3103 398 3178 lic,
421 3107 512 3163 donec
534 3108 644 3163 uadum
666 3104 727 3161 illic
749 3112 777 3161 et
799 3104 904 3163 orenr.“
940 3097 984 3161 Et
1004 3098 1184 3162 ostenditur
1206 3096 1311 3162 adhue
1332 3097 1454 3163 ibidem
1475 3100 1564 3165 locus
1580 3101 1732 3166 sessionis
1749 3124 1871 3167 eorum.

197 3216 323 3282 Ibidem
349 3216 452 3279 eciam
475 3216 654 3280 ostenditur
675 3214 773 3294 locus,
794 3215 826 3277 in
847 3236 909 3299 cluo
929 3225 1038 3278 tentus
1059 3214 1119 3278 suit
1140 3236 1160 3277 a
1182 3212 1297 3295 tumbis,
1317 3212 1399 3279 luda
1421 3238 1493 3278 euni
1513 3215 1623 3281 osculo
1639 3215 1799 3282 tradente.
1829 3217 1873 3282 Et

197 3333 327 3400 uidetur
349 3334 520 3419 impressio
543 3332 685 3397 caluaria
708 3332 776 3395 eius
798 3332 945 3416 superius
970 3332 1004 3394 in
1027 3352 1109 3415 rupe
1129 3328 1331 3415 dependente
1352 3344 1382 3394 et
1402 3330 1593 3395 liniamenta
1606 3333 1662 3407 ⁴⁷³)
1684 3334 1818 3399 uerticis
1839 3344 1871 3399 et

264 3532 292 3600 a)
309 3549 364 3583 riou
382 3532 421 3584 nt.
444 3548 514 3582 uscue
532 3528 558 3586 h,
580 3559 611 3567 -—
631 3529 659 3593 1))
678 3536 703 3582 et
720 3547 771 3582 orn.
790 3532 831 3581 s't.
849 3559 881 3565 --
899 3534 925 3597 c)
943 3546 1002 3581 caeru
1016 3528 1056 3579 St.
1076 3534 1162 3580 urraca
1180 3526 1204 3581 h.
1226 3556 1258 3565 -
1277 3526 1306 3596 d)
1318 3529 1479 3581 clcsemuleus
1492 3528 1525 3581 St
1537 3526 1563 3580 h.
1577 3558 1607 3565 -
1627 3530 1654 3597 e)
1669 3530 1785 3584 eeclesia
1803 3531 1867 3601 ipen

332 3614 371 3669 st.
390 3614 529 3667 melacium
550 3615 639 3683 spemn
655 3611 682 3667 h.
701 3643 732 3650 -
757 3612 782 3675 f)
798 3613 941 3682 peniculus
959 3628 1012 3666 om.
1031 3609 1070 3664 st
1084 3612 1246 3679 perscrutor
1263 3609 1302 3677 h.,
1321 3612 1368 3664 sed
1388 3612 1415 3665 in
1434 3611 1569 3681 margine!
1594 3642 1626 3649 —
1650 3616 1680 3682 g)
1698 3631 1811 3669 ccccm
1828 3612 1869 3670 st.

331 3699 417 3751 cuer-rit
431 3696 458 3753 h.
478 3730 509 3737 —
527 3696 557 3765 h)
575 3698 699 3763 lunaticus,
716 3696 805 3750 lsostc'o
822 3695 924 3764 passim
942 3694 981 3748 St.
1002 3724 1032 3733 -
1050 3693 1070 3761 i)
1087 3695 1139 3747 crit
1158 3694 1190 3748 St
1205 3694 1231 3747 h.
1250 3696 1305 3749 ecit
1321 3695 1385 3748 Cod.
1408 3695 1488 3748 Bern.
1509 3725 1541 3734 —
1561 3695 1590 3761 k)
1608 3714 1668 3749 cunc
1687 3695 1725 3750 St.
1744 3698 1794 3751 mab
1811 3696 1838 3756 h.

196 3886 233 3946 V.
251 3886 403 3945 Robinson
425 3886 491 3944 Pal.
514 3886 553 3945 II.
576 3891 643 3946 203.
689 3885 801 3945 Tobler
822 3885 878 3944 llic
899 3884 1011 3944 Siloah·
1055 3892 1099 3941 est
1125 3883 1236 3941 fontem
1264 3882 1397 3942 draconis
1425 3885 1582 3942 convenire
1610 3884 1641 3942 in
1667 3883 1779 3942 fontem
1808 3884 1870 3944 IIIa·

197 3986 293 4065 quelle
313 4006 343 4063 p.
370 3988 433 4044 183.
1053 3982 1128 4053 riae,
1156 3984 1248 4040 citans
1270 3983 1365 4039 varios
1389 3983 1543 4060 scriptores
1566 3983 1754 4042 annotatione
1777 3987 1794 4043 3
1819 4002 1869 4063 pa·

259 4087 330 4157 465)
353 4084 527 4158 Sepulcrum
551 4116 587 4123 -
619 4084 742 4159 uirpiuis
767 4085 904 4159 pluriose]
934 4104 1011 4143 rruuc
1052 4081 1192 4155 ginaell.
1227 4080 1412 4139 llurclrardus
1433 4102 1501 4139 vcro
1525 4080 1551 4138 h.
1566 4080 1584 4138 1.
1607 4080 1733 4140 eundem
1749 4081 1870 4156 fontem,

196 4181 445 4257 Dschesmanijolr
470 4203 491 4241 s.
512 4180 577 4239 Sitti
596 4182 729 4241 Marium.
778 4181 1010 4245 VToblerllie
1053 4198 1138 4256 quern
1162 4177 1292 4237 'l'obleru
1316 4181 1371 4238 Dic
1394 4178 1598 4257 Siloahquelle
1619 4199 1646 4257 p.
1673 4184 1729 4239 170
1759 4187 1868 4242 notat

197 4281 397 4360 Siloabquelle
423 4302 450 4359 p.
479 4286 655 4341 iss—tot.
715 4281 864 4340 Robinson
892 4282 955 4342 Pal.
985 4284 1008 4341 Ι,
1052 4278 1197 4336 referente
1232 4278 1280 4335 alii
1315 4299 1429 4357 quoque
1457 4278 1689 4357 peregrinatores
1719 4277 1870 4338 collauda·

197 4386 255 4443 338
276 4390 335 4440 not,
362 4387 385 4440 ι,
1052 4389 1127 4449 runt,
1151 4380 1231 4436 tiintc
1254 4377 1363 4435 Mariae
1383 4377 1532 4455 aliquanto
1555 4378 1687 4456 superius
1710 4395 1727 4435 a
1748 4379 1869 4456 reginae

260 4486 330 4543 166)
344 4488 618 4553 perscrutanteu-
634 4480 877 4558 sicpcrficiecrut]
893 4480 1009 4539 Dehoc
1053 4490 1153 4555 portatu
1186 4477 1270 4534 vallis
1295 4474 1436 4553 iosaphat
1464 4475 1549 4533 situm
1579 4475 1655 4535 dicit.
1709 4475 1766 4535 Est
1792 4475 1869 4537 idem

195 4577 355 4638 Burcbardi
379 4577 442 4635 loeo
465 4598 490 4636 v.
514 4576 626 4634 Tobler
647 4578 703 4635 llio
724 4578 854 4658 Siloahq.
876 4601 904 4658 p,
922 4586 987 4639 183.
1052 4576 1135 4649 fotis,
1164 4595 1249 4654 quern
1273 4584 1500 4633 commemorant
1521 4574 1682 4645 Helinium,
1703 4574 1869 4648 Briemlius‚

259 4685 330 4751 467)
355 4676 488 4733 Ecclesia
506 4676 633 4749 lucri-ida]
651 4677 695 4733 lle
710 4675 753 4734 Iria
770 4676 930 4735 Burcliardi
946 4697 1009 4737 vor-
1051 4674 1246 4749 Iursignanus,
1267 4694 1353 4753 quem
1376 4674 1462 4749 igitur
1483 4693 1501 4730 a
1523 4673 1691 4733 lturehardo
1712 4676 1771 4733 iam
1792 4696 1868 4735 com·

194 4778 239 4837 bis
262 4800 288 4838 v.
312 4776 424 4834 'llobler
447 4775 503 4834 llic
526 4773 724 4853 Siloaquuelle
746 4796 775 4853 p.
803 4780 864 4835 rso.
1050 4786 1239 4831 memoratum
1271 4792 1335 4831 esse
1364 4771 1505 4831 videmus.
1551 4771 1637 4844 Quod
1659 4773 1734 4850 fugit
1757 4773 1868 4834 Toble·

257 4881 329 4949 169)
351 4876 422 4951 pilio
450 4886 567 4934 torrens
592 4873 716 4947 (L'celroul
748 4872 794 4933 Of.
817 4873 931 4933 Tobler
954 4876 1009 4932 l)ic
1050 4891 1122 4941 runi,
1142 4874 1190 4951 ‘1¹¹³
1214 4893 1291 4930 aurio
1315 4870 1431 4929 demum
1460 4875 1534 4930 1183
1558 4872 1678 4949 prImam
1701 4873 1764 4931 eius
1787 4892 1868 4933 men·

195 4974 324 5054 Siloahq.
347 4998 375 5054 p.
404 4980 468 5045 185,
488 4972 538 5031 ubi
561 4974 625 5051 ipsa
639 4971 799 5029 burchardi
822 4972 912 5032 verba
935 4983 1008 5033 trac·
1050 4971 1158 5028 tionem
1181 4972 1287 5029 tinctam
1310 4990 1374 5028 esse
1396 4969 1530 5028 coniecit.

194 5082 300 5133 teritur.
1115 5074 1185 5135 172)
1210 5069 1406 5144 Getlsemcnt]
1440 5068 1476 5131 V.
1505 5068 1618 5128 'l'obler
1645 5069 1702 5128 Dic
1733 5068 1865 5151 Siloahq.

257 5178 328 5245 469)
351 5173 516 5230 eualcrans
542 5172 610 5247 exit]
639 5170 738 5247 Negat
769 5170 825 5229 lroc
852 5169 1008 5241 'Poblerua
1050 5189 1077 5246 p.
1106 5172 1281 5229 lat-222.
1332 5170 1440 5226 Forma
1468 5165 1663 5227 Gethsemani
1686 5178 1730 5228 est
1758 5189 1867 5257 graeca
1921 5195 1923 5198 ·

194 5269 272 5328 hunc
302 5272 396 5349 ipsum
425 5272 519 5330 locum
552 5280 582 5329 et
602 5272 695 5330 citans
718 5280 747 5328 et
767 5269 904 5328 refellens
925 5271 954 5328 in
975 5271 1007 5328 li·
1051 5268 1243 5343 Γεθσημανῆ,
1269 5287 1322 5346 per
1349 5268 1511 5325 itacismnm
1538 5267 1628 5339 lecta,
1662 5275 1694 5326 ut
1721 5267 1867 5345 Iordanis,

194 5368 247 5427 bro
270 5370 407 5447 iuscripta
432 5372 487 5429 Die
510 5368 709 5449 Siloahquellc
730 5390 758 5448 p.
781 5373 846 5429 185.
1051 5386 1108 5424 non
1131 5366 1279 5439 Iordanes,
1301 5386 1337 5425 ex
1358 5386 1463 5443 gracco
1481 5359 1630 5443 Ἰορδάνης
1655 5386 1673 5424 a
1695 5365 1865 5426 Burchardo

256 5470 327 5537 170)
350 5468 380 5523 in
402 5470 552 5543 Ncbemia]
574 5470 615 5529 II.
639 5474 684 5529 13.
1048 5475 1077 5523 et
1100 5466 1163 5524 aliis
1184 5466 1300 5523 formari
1321 5464 1443 5523 videtur.

258 5568 329 5632 171)
345 5568 420 5635 fons
438 5568 588 5642 draconis]
610 5568 645 5628 V.
670 5567 782 5626 'l'obler
803 5566 860 5625 Die
876 5564 1005 5643 Siloahq.
1111 5569 1180 5637 173)
1210 5563 1391 5638 liniamenta]
1428 5562 1459 5621 Si
1488 5583 1577 5642 supra
1603 5582 1703 5623 veram
1731 5566 1863 5645 scriptio·

193 5686 221 5743 p.
238 5668 265 5723 2.
287 5663 381 5721 Ritter
399 5664 484 5724 XVI.
503 5686 530 5743 p.
555 5670 623 5725 371.
645 5671 713 5726 113,
737 5665 885 5725 'l'oblerus
905 5673 1007 5723 auctor
1047 5682 1114 5722 nem
1151 5664 1315 5722 coniectura
1347 5664 1472 5722 assecuti
1506 5684 1621 5739 sumus,
1663 5663 1710 5723 hic
1738 5683 1864 5745 qnoque,
