<?xml version="1.0" encoding="UTF-8"?>
<!DOCTYPE html PUBLIC "-//W3C//DTD XHTML 1.0 Transitional//EN"
    "http://www.w3.org/TR/xhtml1/DTD/xhtml1-transitional.dtd">
<html xmlns="http://www.w3.org/1999/xhtml" xml:lang="en" lang="en">
 <head>
  <title>
</title>
<meta http-equiv="Content-Type" content="text/html;charset=utf-8" />
  <meta name='ocr-system' content='tesseract 3.04.00' />
  <meta name='ocr-capabilities' content='ocr_page ocr_carea ocr_par ocr_line ocrx_word'/>
</head>
<body>
  <div class='ocr_page' id='page_1' title='image "./peregrinatoresm00peregoog_0196.png"; bbox 0 0 4214 6096; ppageno 0'>
   <div class='ocr_carea' id='block_1_1' title="bbox 1108 339 1166 402">
    <p class='ocr_par' dir='ltr' id='par_1_1' title="bbox 1108 339 1166 402">
     <span class='ocr_line' id='line_1_1' title="bbox 1108 339 1166 402; baseline 0.034 -2"><span class='ocrx_word' id='word_1_1' title='bbox 1108 339 1166 402; x_wconf 78' lang='lat'>182</span> 
     </span>
    </p>
   </div>
   <div class='ocr_carea' id='block_1_2' title="bbox 251 512 1977 1643">
    <p class='ocr_par' dir='ltr' id='par_1_2' title="bbox 266 512 1976 833">
     <span class='ocr_line' id='line_1_2' title="bbox 266 512 1975 587; baseline 0.001 -4"><span class='ocrx_word' id='word_1_2' title='bbox 266 527 332 587; x_wconf 79' lang='lat' dir='ltr'>tet</span> <span class='ocrx_word' id='word_1_3' title='bbox 350 515 410 581; x_wconf 73' lang='lat' dir='ltr'>tali</span> <span class='ocrx_word' id='word_1_4' title='bbox 430 514 472 580; x_wconf 93' lang='lat' dir='ltr'>de</span> <span class='ocrx_word' id='word_1_5' title='bbox 493 536 593 579; x_wconf 81' lang='lat' dir='ltr'>causa</span> <span class='ocrx_word' id='word_1_6' title='bbox 614 512 682 578; x_wconf 89' lang='lat' dir='ltr'>illic</span> <span class='ocrx_word' id='word_1_7' title='bbox 702 514 763 579; x_wconf 85' lang='lat' dir='ltr'>suit</span> <span class='ocrx_word' id='word_1_8' title='bbox 784 513 953 580; x_wconf 75' lang='lat' dir='ltr'>collocate.</span> <span class='ocrx_word' id='word_1_9' title='bbox 997 515 1125 580; x_wconf 91' lang='lat' dir='ltr'>Inuisor</span> <span class='ocrx_word' id='word_1_10' title='bbox 1147 517 1289 582; x_wconf 89' lang='lat' dir='ltr'>omnium</span> <span class='ocrx_word' id='word_1_11' title='bbox 1318 516 1477 582; x_wconf 91' lang='lat' dir='ltr'>bonorum</span> <span class='ocrx_word' id='word_1_12' title='bbox 1500 516 1650 584; x_wconf 86' lang='lat' dir='ltr'>diabolus</span> <span class='ocrx_word' id='word_1_13' title='bbox 1672 519 1804 586; x_wconf 87' lang='lat' dir='ltr'>colonos</span> <span class='ocrx_word' id='word_1_14' title='bbox 1830 529 1863 585; x_wconf 86' lang='lat' dir='ltr'>et</span> <span class='ocrx_word' id='word_1_15' title='bbox 1883 519 1975 585; x_wconf 85' lang='lat' dir='ltr'>inba-</span> 
     </span>
     <span class='ocr_line' id='line_1_3' title="bbox 299 628 1976 719; baseline 0.001 -21"><span class='ocrx_word' id='word_1_16' title='bbox 299 633 456 699; x_wconf 89' lang='lat' dir='ltr'>hitatores</span> <span class='ocrx_word' id='word_1_17' title='bbox 478 628 573 695; x_wconf 81' lang='lat' dir='ltr'>huius</span> <span class='ocrx_word' id='word_1_18' title='bbox 594 641 680 695; x_wconf 90' lang='lat' dir='ltr'>terre</span> <span class='ocrx_word' id='word_1_19' title='bbox 700 639 792 697; x_wconf 82' lang='lat' dir='ltr'>tsuta</span> <span class='ocrx_word' id='word_1_20' title='bbox 815 629 982 695; x_wconf 82' lang='lat' dir='ltr'>infestanit</span> <span class='ocrx_word' id='word_1_21' title='bbox 1001 630 1141 712; x_wconf 88' lang='lat' dir='ltr'>malicia,</span> <span class='ocrx_word' id='word_1_22' title='bbox 1163 641 1200 697; x_wconf 88' lang='lat' dir='ltr'>ut</span> <span class='ocrx_word' id='word_1_23' title='bbox 1222 653 1360 719; x_wconf 90' lang='lat' dir='ltr'>corpora</span> <span class='ocrx_word' id='word_1_24' title='bbox 1379 653 1509 697; x_wconf 87' lang='lat' dir='ltr'>suorum</span> <span class='ocrx_word' id='word_1_25' title='bbox 1532 643 1750 716; x_wconf 84' lang='lat' dir='ltr'>mortuorum,</span> <span class='ocrx_word' id='word_1_26' title='bbox 1776 655 1840 719; x_wconf 91' lang='lat' dir='ltr'>que</span> <span class='ocrx_word' id='word_1_27' title='bbox 1859 633 1901 699; x_wconf 89' lang='lat' dir='ltr'>de</span> <span class='ocrx_word' id='word_1_28' title='bbox 1922 633 1976 699; x_wconf 90' lang='lat' dir='ltr'>die</span> 
     </span>
     <span class='ocr_line' id='line_1_4' title="bbox 297 744 1974 833; baseline 0 -18"><span class='ocrx_word' id='word_1_29' title='bbox 297 748 394 815; x_wconf 89' lang='lat' dir='ltr'>humo</span> <span class='ocrx_word' id='word_1_30' title='bbox 422 749 660 833; x_wconf 78' lang='lat' dir='ltr'><strong>imposuerant,</strong></span> <span class='ocrx_word' id='word_1_31' title='bbox 690 757 784 811; x_wconf 91' lang='lat' dir='ltr'>nocte</span> <span class='ocrx_word' id='word_1_32' title='bbox 814 745 855 809; x_wconf 90' lang='lat' dir='ltr'>de</span> <span class='ocrx_word' id='word_1_33' title='bbox 888 744 1046 832; x_wconf 79' lang='lat' dir='ltr'>sepulcris</span> <span class='ocrx_word' id='word_1_34' title='bbox 1075 746 1227 812; x_wconf 88' lang='lat' dir='ltr'>euelleret</span> <span class='ocrx_word' id='word_1_35' title='bbox 1255 757 1287 811; x_wconf 92' lang='lat' dir='ltr'>et</span> <span class='ocrx_word' id='word_1_36' title='bbox 1309 746 1351 811; x_wconf 89' lang='lat' dir='ltr'>ad</span> <span class='ocrx_word' id='word_1_37' title='bbox 1373 746 1555 832; x_wconf 78' lang='lat' dir='ltr'>penetralia</span> <span class='ocrx_word' id='word_1_38' title='bbox 1577 772 1708 815; x_wconf 88' lang='lat' dir='ltr'>suorum</span> <span class='ocrx_word' id='word_1_39' title='bbox 1730 749 1904 815; x_wconf 78' lang='lat' dir='ltr'>charorum</span> <span class='ocrx_word' id='word_1_40' title='bbox 1919 752 1974 827; x_wconf 65' lang='grc'>119)</span> 
     </span>
    </p>

    <p class='ocr_par' dir='ltr' id='par_1_3' title="bbox 264 853 1977 1411">
     <span class='ocr_line' id='line_1_5' title="bbox 264 853 1976 970; baseline 0.001 -41"><span class='ocrx_word' id='word_1_41' title='bbox 264 853 489 970; x_wconf 65' lang='lat' dir='ltr'>{reportaret</span> <span class='ocrx_word' id='word_1_42' title='bbox 533 861 627 926; x_wconf 85' lang='lat' dir='ltr'>Unde</span> <span class='ocrx_word' id='word_1_43' title='bbox 657 862 720 947; x_wconf 87' lang='lat' dir='ltr'>ipsi</span> <span class='ocrx_word' id='word_1_44' title='bbox 748 860 901 946; x_wconf 82' lang='lat' dir='ltr'>indigene</span> <span class='ocrx_word' id='word_1_45' title='bbox 929 872 1074 926; x_wconf 90' lang='lat' dir='ltr'>mortuos</span> <span class='ocrx_word' id='word_1_46' title='bbox 1106 884 1182 927; x_wconf 90' lang='lat' dir='ltr'>suos</span> <span class='ocrx_word' id='word_1_47' title='bbox 1209 885 1274 927; x_wconf 92' lang='lat' dir='ltr'>non</span> <span class='ocrx_word' id='word_1_48' title='bbox 1302 873 1453 950; x_wconf 88' lang='lat' dir='ltr'>poterant</span> <span class='ocrx_word' id='word_1_49' title='bbox 1482 863 1629 950; x_wconf 86' lang='lat' dir='ltr'>sepelire.</span> <span class='ocrx_word' id='word_1_50' title='bbox 1672 864 1820 946; x_wconf 77' lang='lat' dir='ltr'>Quorum</span> <span class='ocrx_word' id='word_1_51' title='bbox 1849 864 1976 930; x_wconf 86' lang='lat' dir='ltr'>cladem</span> 
     </span>
     <span class='ocr_line' id='line_1_6' title="bbox 296 976 1976 1068; baseline 0.001 -23"><span class='ocrx_word' id='word_1_52' title='bbox 296 980 439 1061; x_wconf 90' lang='lat' dir='ltr'>Helena,</span> <span class='ocrx_word' id='word_1_53' title='bbox 463 978 668 1045; x_wconf 80' lang='lat' dir='ltr'>Constantini</span> <span class='ocrx_word' id='word_1_54' title='bbox 696 987 814 1058; x_wconf 85' lang='lat' dir='ltr'>mater,</span> <span class='ocrx_word' id='word_1_55' title='bbox 840 976 908 1041; x_wconf 90' lang='lat' dir='ltr'>illic</span> <span class='ocrx_word' id='word_1_56' title='bbox 929 988 995 1042; x_wconf 91' lang='lat' dir='ltr'>tum</span> <span class='ocrx_word' id='word_1_57' title='bbox 1020 979 1204 1063; x_wconf 86' lang='lat' dir='ltr'>imperans,</span> <span class='ocrx_word' id='word_1_58' title='bbox 1226 988 1275 1043; x_wconf 93' lang='lat' dir='ltr'>est</span> <span class='ocrx_word' id='word_1_59' title='bbox 1296 980 1467 1060; x_wconf 89' lang='lat' dir='ltr'>miserata,</span> <span class='ocrx_word' id='word_1_60' title='bbox 1489 989 1521 1043; x_wconf 91' lang='lat' dir='ltr'>et</span> <span class='ocrx_word' id='word_1_61' title='bbox 1543 979 1680 1045; x_wconf 83' lang='lat' dir='ltr'>eandem</span> <span class='ocrx_word' id='word_1_62' title='bbox 1701 1003 1848 1062; x_wconf 88' lang='lat' dir='ltr'>crucem,</span> <span class='ocrx_word' id='word_1_63' title='bbox 1877 1004 1976 1068; x_wconf 82' lang='lat' dir='ltr'>quam</span> 
     </span>
     <span class='ocr_line' id='line_1_7' title="bbox 296 1091 1976 1182; baseline 0.001 -21"><span class='ocrx_word' id='word_1_64' title='bbox 296 1098 474 1182; x_wconf 87' lang='lat' dir='ltr'>integram,</span> <span class='ocrx_word' id='word_1_65' title='bbox 503 1096 586 1158; x_wconf 87' lang='lat' dir='ltr'>sicut</span> <span class='ocrx_word' id='word_1_66' title='bbox 614 1091 710 1157; x_wconf 91' lang='lat' dir='ltr'>hodie</span> <span class='ocrx_word' id='word_1_67' title='bbox 740 1103 802 1174; x_wconf 90' lang='lat' dir='ltr'>est,</span> <span class='ocrx_word' id='word_1_68' title='bbox 835 1116 854 1157; x_wconf 85' lang='lat' dir='ltr'>a</span> <span class='ocrx_word' id='word_1_69' title='bbox 874 1092 1104 1180; x_wconf 84' lang='lat' dir='ltr'>Hierosolyma</span> <span class='ocrx_word' id='word_1_70' title='bbox 1126 1115 1233 1157; x_wconf 91' lang='lat' dir='ltr'>secum</span> <span class='ocrx_word' id='word_1_71' title='bbox 1257 1096 1496 1180; x_wconf 79' lang='lat' dir='ltr'>apportauit⁸),</span> <span class='ocrx_word' id='word_1_72' title='bbox 1525 1097 1559 1158; x_wconf 92' lang='lat' dir='ltr'>in</span> <span class='ocrx_word' id='word_1_73' title='bbox 1580 1094 1726 1181; x_wconf 87' lang='lat' dir='ltr'>predicto</span> <span class='ocrx_word' id='word_1_74' title='bbox 1748 1106 1856 1162; x_wconf 90' lang='lat' dir='ltr'>monte</span> <span class='ocrx_word' id='word_1_75' title='bbox 1878 1096 1976 1163; x_wconf 91' lang='lat' dir='ltr'>collo·</span> 
     </span>
     <span class='ocr_line' id='line_1_8' title="bbox 298 1208 1976 1300; baseline 0.001 -24"><span class='ocrx_word' id='word_1_76' title='bbox 298 1214 395 1293; x_wconf 87' lang='lat' dir='ltr'>cauit,</span> <span class='ocrx_word' id='word_1_77' title='bbox 416 1219 449 1275; x_wconf 91' lang='lat' dir='ltr'>et</span> <span class='ocrx_word' id='word_1_78' title='bbox 471 1211 517 1273; x_wconf 92' lang='lat' dir='ltr'>sic</span> <span class='ocrx_word' id='word_1_79' title='bbox 539 1231 603 1273; x_wconf 93' lang='lat' dir='ltr'>non</span> <span class='ocrx_word' id='word_1_80' title='bbox 625 1208 729 1272; x_wconf 89' lang='lat' dir='ltr'>solum</span> <span class='ocrx_word' id='word_1_81' title='bbox 750 1208 822 1273; x_wconf 91' lang='lat' dir='ltr'>illos</span> <span class='ocrx_word' id='word_1_82' title='bbox 845 1209 953 1275; x_wconf 88' lang='lat' dir='ltr'>hostes</span> <span class='ocrx_word' id='word_1_83' title='bbox 978 1209 1139 1295; x_wconf 87' lang='lat' dir='ltr'>malignos</span> <span class='ocrx_word' id='word_1_84' title='bbox 1161 1231 1181 1274; x_wconf 84' lang='lat' dir='ltr'>a</span> <span class='ocrx_word' id='word_1_85' title='bbox 1202 1220 1300 1289; x_wconf 88' lang='lat' dir='ltr'>terra,</span> <span class='ocrx_word' id='word_1_86' title='bbox 1321 1232 1434 1274; x_wconf 89' lang='lat' dir='ltr'>uerum</span> <span class='ocrx_word' id='word_1_87' title='bbox 1456 1212 1558 1275; x_wconf 86' lang='lat' dir='ltr'>eciam</span> <span class='ocrx_word' id='word_1_88' title='bbox 1580 1209 1621 1274; x_wconf 84' lang='lat' dir='ltr'>sb</span> <span class='ocrx_word' id='word_1_89' title='bbox 1644 1211 1796 1276; x_wconf 84' lang='lat' dir='ltr'>inferiore</span> <span class='ocrx_word' id='word_1_90' title='bbox 1811 1222 1897 1293; x_wconf 70' lang='lat' dir='ltr'>aere,</span> <span class='ocrx_word' id='word_1_91' title='bbox 1919 1214 1976 1300; x_wconf 91' lang='lat' dir='ltr'>qui</span> 
     </span>
     <span class='ocr_line' id='line_1_9' title="bbox 299 1323 1977 1411; baseline 0 -19"><span class='ocrx_word' id='word_1_92' title='bbox 299 1348 410 1392; x_wconf 86' lang='lat' dir='ltr'>carcer</span> <span class='ocrx_word' id='word_1_93' title='bbox 431 1324 603 1389; x_wconf 89' lang='lat' dir='ltr'>demonum</span> <span class='ocrx_word' id='word_1_94' title='bbox 625 1334 767 1410; x_wconf 87' lang='lat' dir='ltr'>putatur,</span> <span class='ocrx_word' id='word_1_95' title='bbox 792 1335 940 1410; x_wconf 89' lang='lat' dir='ltr'>potenter</span> <span class='ocrx_word' id='word_1_96' title='bbox 962 1323 1096 1411; x_wconf 82' lang='lat' dir='ltr'>expulit,</span> <span class='ocrx_word' id='word_1_97' title='bbox 1118 1347 1156 1390; x_wconf 91' lang='lat' dir='ltr'>ac</span> <span class='ocrx_word' id='word_1_98' title='bbox 1177 1326 1204 1388; x_wconf 92' lang='lat' dir='ltr'>si</span> <span class='ocrx_word' id='word_1_99' title='bbox 1226 1324 1349 1389; x_wconf 89' lang='lat' dir='ltr'>diceret</span> <span class='ocrx_word' id='word_1_100' title='bbox 1368 1324 1450 1390; x_wconf 91' lang='lat' dir='ltr'>illud</span> <span class='ocrx_word' id='word_1_101' title='bbox 1471 1325 1605 1390; x_wconf 91' lang='lat' dir='ltr'>uerbum</span> <span class='ocrx_word' id='word_1_102' title='bbox 1626 1326 1851 1393; x_wconf 87' lang='lat' dir='ltr'>Dominicum:</span> <span class='ocrx_word' id='word_1_103' title='bbox 1881 1333 1977 1392; x_wconf 64' lang='lat' dir='ltr'>saue</span> 
     </span>
    </p>

    <p class='ocr_par' dir='ltr' id='par_1_4' title="bbox 251 1439 1975 1643">
     <span class='ocr_line' id='line_1_10' title="bbox 251 1439 1975 1528; baseline 0.003 -25"><span class='ocrx_word' id='word_1_104' title='bbox 251 1462 280 1513; x_wconf 77' lang='grc' dir='ltr'>ιο</span> <span class='ocrx_word' id='word_1_105' title='bbox 298 1454 427 1504; x_wconf 84' lang='lat' dir='ltr'>mortuos</span> <span class='ocrx_word' id='word_1_106' title='bbox 447 1447 571 1519; x_wconf 77' lang='lat' dir='ltr'>sepelire</span> <span class='ocrx_word' id='word_1_107' title='bbox 592 1452 723 1502; x_wconf 84' lang='lat' dir='ltr'>mortuos</span> <span class='ocrx_word' id='word_1_108' title='bbox 742 1463 811 1501; x_wconf 82' lang='lat' dir='ltr'>suos</span> <span class='ocrx_word' id='word_1_109' title='bbox 826 1441 889 1517; x_wconf 83' lang='lat'><strong>¹⁸⁰).</strong></span> <span class='ocrx_word' id='word_1_110' title='bbox 931 1439 976 1504; x_wconf 81' lang='lat' dir='ltr'>Et</span> <span class='ocrx_word' id='word_1_111' title='bbox 997 1443 1044 1504; x_wconf 90' lang='lat' dir='ltr'>sic</span> <span class='ocrx_word' id='word_1_112' title='bbox 1066 1440 1141 1521; x_wconf 85' lang='lat' dir='ltr'>„ille</span> <span class='ocrx_word' id='word_1_113' title='bbox 1163 1440 1264 1505; x_wconf 89' lang='lat' dir='ltr'>hostis</span> <span class='ocrx_word' id='word_1_114' title='bbox 1280 1442 1440 1526; x_wconf 79' lang='lat' dir='ltr'>antIquus,</span> <span class='ocrx_word' id='word_1_115' title='bbox 1464 1443 1519 1528; x_wconf 90' lang='lat' dir='ltr'>qui</span> <span class='ocrx_word' id='word_1_116' title='bbox 1536 1443 1571 1505; x_wconf 92' lang='lat' dir='ltr'>in</span> <span class='ocrx_word' id='word_1_117' title='bbox 1586 1440 1674 1527; x_wconf 86' lang='lat' dir='ltr'>ligno</span> <span class='ocrx_word' id='word_1_118' title='bbox 1693 1443 1854 1525; x_wconf 82' lang='lat' dir='ltr'>uincebat,</span> <span class='ocrx_word' id='word_1_119' title='bbox 1876 1443 1975 1522; x_wconf 55' lang='lat' dir='ltr'>istob)</span> 
     </span>
     <span class='ocr_line' id='line_1_11' title="bbox 300 1555 669 1643; baseline -0.008 -22"><span class='ocrx_word' id='word_1_120' title='bbox 300 1578 427 1643; x_wconf 89' lang='lat' dir='ltr'>quoque</span> <span class='ocrx_word' id='word_1_121' title='bbox 448 1555 669 1620; x_wconf 84' lang='lat' dir='ltr'>uincebatur“.</span> 
     </span>
    </p>
   </div>
   <div class='ocr_carea' id='block_1_3' title="bbox 265 1702 1976 1909">
    <p class='ocr_par' dir='ltr' id='par_1_5' title="bbox 265 1702 1976 1909">
     <span class='ocr_line' id='line_1_12' title="bbox 267 1702 1976 1793; baseline 0.003 -24"><span class='ocrx_word' id='word_1_122' title='bbox 267 1709 278 1758; x_wconf 87' lang='lat'><strong>¹</strong></span> <span class='ocrx_word' id='word_1_123' title='bbox 423 1705 547 1769; x_wconf 87' lang='lat' dir='ltr'>XXXI.</span> <span class='ocrx_word' id='word_1_124' title='bbox 591 1704 644 1767; x_wconf 88' lang='lat' dir='ltr'>Ab</span> <span class='ocrx_word' id='word_1_125' title='bbox 672 1703 733 1767; x_wconf 91' lang='lat' dir='ltr'>hoc</span> <span class='ocrx_word' id='word_1_126' title='bbox 754 1715 863 1768; x_wconf 91' lang='lat' dir='ltr'>monte</span> <span class='ocrx_word' id='word_1_127' title='bbox 882 1703 1021 1769; x_wconf 90' lang='lat' dir='ltr'>uidimus</span> <span class='ocrx_word' id='word_1_128' title='bbox 1044 1710 1182 1784; x_wconf 73' lang='lat' dir='ltr'>Paphor,</span> <span class='ocrx_word' id='word_1_129' title='bbox 1209 1728 1270 1790; x_wconf 92' lang='lat' dir='ltr'>que</span> <span class='ocrx_word' id='word_1_130' title='bbox 1292 1708 1396 1770; x_wconf 90' lang='lat' dir='ltr'>eciam</span> <span class='ocrx_word' id='word_1_131' title='bbox 1420 1710 1482 1771; x_wconf 88' lang='lat' dir='ltr'>sita</span> <span class='ocrx_word' id='word_1_132' title='bbox 1505 1729 1602 1793; x_wconf 90' lang='lat' dir='ltr'>super</span> <span class='ocrx_word' id='word_1_133' title='bbox 1626 1702 1745 1782; x_wconf 61' lang='lat' dir='ltr'>mare‘)</span> <span class='ocrx_word' id='word_1_134' title='bbox 1765 1706 1864 1773; x_wconf 86' lang='lat' dir='ltr'>habet</span> <span class='ocrx_word' id='word_1_135' title='bbox 1883 1709 1918 1773; x_wconf 86' lang='lat' dir='ltr'>in</span> <span class='ocrx_word' id='word_1_136' title='bbox 1940 1731 1976 1774; x_wconf 91' lang='lat' dir='ltr'>se</span> 
     </span>
     <span class='ocr_line' id='line_1_13' title="bbox 265 1818 1975 1909; baseline 0.002 -23"><span class='ocrx_word' id='word_1_137' title='bbox 265 1836 281 1886; x_wconf 82' lang='lat'>2</span> <span class='ocrx_word' id='word_1_138' title='bbox 300 1820 474 1888; x_wconf 91' lang='lat' dir='ltr'>secundam</span> <span class='ocrx_word' id='word_1_139' title='bbox 497 1820 605 1884; x_wconf 87' lang='lat' dir='ltr'>sedem</span> <span class='ocrx_word' id='word_1_140' title='bbox 627 1818 845 1905; x_wconf 87' lang='lat' dir='ltr'>episcopalem</span> <span class='ocrx_word' id='word_1_141' title='bbox 867 1821 1104 1905; x_wconf 84' lang='lat' dir='ltr'>suffraganeam</span> <span class='ocrx_word' id='word_1_142' title='bbox 1128 1820 1250 1886; x_wconf 92' lang='lat' dir='ltr'>domini</span> <span class='ocrx_word' id='word_1_143' title='bbox 1270 1823 1471 1888; x_wconf 81' lang='lat' dir='ltr'>nicosiensis.</span> <span class='ocrx_word' id='word_1_144' title='bbox 1513 1821 1556 1886; x_wconf 85' lang='lat' dir='ltr'>Et</span> <span class='ocrx_word' id='word_1_145' title='bbox 1579 1831 1628 1886; x_wconf 93' lang='lat' dir='ltr'>est</span> <span class='ocrx_word' id='word_1_146' title='bbox 1650 1821 1765 1886; x_wconf 89' lang='lat' dir='ltr'>ciuitas</span> <span class='ocrx_word' id='word_1_147' title='bbox 1787 1845 1908 1909; x_wconf 89' lang='lat' dir='ltr'>parua,</span> <span class='ocrx_word' id='word_1_148' title='bbox 1939 1826 1975 1890; x_wconf 93' lang='lat' dir='ltr'>in</span> 
     </span>
    </p>
   </div>
   <div class='ocr_carea' id='block_1_4' title="bbox 299 1935 2099 2027">
    <p class='ocr_par' dir='ltr' id='par_1_6' title="bbox 299 1935 2099 2027">
     <span class='ocr_line' id='line_1_14' title="bbox 299 1935 2099 2027; baseline 0 -23"><span class='ocrx_word' id='word_1_149' title='bbox 299 1961 365 2027; x_wconf 86' lang='lat' dir='ltr'>qua</span> <span class='ocrx_word' id='word_1_150' title='bbox 385 1937 481 2002; x_wconf 90' lang='lat' dir='ltr'>hodie</span> <span class='ocrx_word' id='word_1_151' title='bbox 504 1945 701 2000; x_wconf 87' lang='lat' dir='ltr'>monstratur</span> <span class='ocrx_word' id='word_1_152' title='bbox 723 1938 823 1999; x_wconf 89' lang='lat' dir='ltr'>turris</span> <span class='ocrx_word' id='word_1_153' title='bbox 845 1935 910 2017; x_wconf 86' lang='lat' dir='ltr'>illa,</span> <span class='ocrx_word' id='word_1_154' title='bbox 934 1958 1148 2023; x_wconf 84' lang='lat' dir='ltr'>superquam</span> <span class='ocrx_word' id='word_1_155' title='bbox 1172 1937 1261 2023; x_wconf 88' lang='lat' dir='ltr'>apud</span> <span class='ocrx_word' id='word_1_156' title='bbox 1284 1938 1452 2024; x_wconf 86' lang='lat' dir='ltr'>gentilium</span> <span class='ocrx_word' id='word_1_157' title='bbox 1475 1960 1601 2002; x_wconf 90' lang='lat' dir='ltr'>errores</span> <span class='ocrx_word' id='word_1_158' title='bbox 1624 1937 1735 2002; x_wconf 94' lang='lat' dir='ltr'>Uenus</span> <span class='ocrx_word' id='word_1_159' title='bbox 1756 1960 1775 2003; x_wconf 87' lang='lat' dir='ltr'>a</span> <span class='ocrx_word' id='word_1_160' title='bbox 1797 1941 1864 2003; x_wconf 88' lang='lat' dir='ltr'>suis</span> <span class='ocrx_word' id='word_1_161' title='bbox 1887 1961 1975 2005; x_wconf 79' lang='lat' dir='ltr'>ams-</span> <span class='ocrx_word' id='word_1_162' title='bbox 2094 1941 2099 1957; x_wconf 89' lang='lat'><em>&#39;</em></span> 
     </span>
    </p>
   </div>
   <div class='ocr_carea' id='block_1_5' title="bbox 297 2051 617 2121">
    <p class='ocr_par' dir='ltr' id='par_1_7' title="bbox 297 2051 617 2121">
     <span class='ocr_line' id='line_1_15' title="bbox 297 2051 617 2121; baseline -0.022 0"><span class='ocrx_word' id='word_1_163' title='bbox 297 2054 421 2121; x_wconf 88' lang='lat' dir='ltr'>toribus</span> <span class='ocrx_word' id='word_1_164' title='bbox 442 2051 617 2119; x_wconf 88' lang='lat' dir='ltr'>colebatur.</span> 
     </span>
    </p>
   </div>
   <div class='ocr_carea' id='block_1_6' title="bbox 263 2200 1974 2522">
    <p class='ocr_par' dir='ltr' id='par_1_8' title="bbox 263 2200 1974 2522">
     <span class='ocr_line' id='line_1_16' title="bbox 264 2200 1974 2291; baseline 0 -23"><span class='ocrx_word' id='word_1_165' title='bbox 264 2208 280 2259; x_wconf 85' lang='grc'>3</span> <span class='ocrx_word' id='word_1_166' title='bbox 422 2202 503 2268; x_wconf 92' lang='lat' dir='ltr'>Inde</span> <span class='ocrx_word' id='word_1_167' title='bbox 531 2202 792 2289; x_wconf 89' lang='lat' dir='ltr'>peregrinatione</span> <span class='ocrx_word' id='word_1_168' title='bbox 823 2210 935 2265; x_wconf 85' lang='lat' dir='ltr'>nostra</span> <span class='ocrx_word' id='word_1_169' title='bbox 959 2200 1107 2265; x_wconf 89' lang='lat' dir='ltr'>absoluta</span> <span class='ocrx_word' id='word_1_170' title='bbox 1128 2224 1241 2266; x_wconf 86' lang='lat' dir='ltr'>versus</span> <span class='ocrx_word' id='word_1_171' title='bbox 1262 2208 1472 2282; x_wconf 75' lang='lat' dir='ltr'>Farnaqmtam</span> <span class='ocrx_word' id='word_1_172' title='bbox 1499 2200 1737 2283; x_wconf 85' lang='lat' dir='ltr'>laborauimus,</span> <span class='ocrx_word' id='word_1_173' title='bbox 1768 2212 1799 2266; x_wconf 91' lang='lat' dir='ltr'>et</span> <span class='ocrx_word' id='word_1_174' title='bbox 1821 2205 1898 2290; x_wconf 84' lang='lat' dir='ltr'>quia</span> <span class='ocrx_word' id='word_1_175' title='bbox 1920 2225 1974 2291; x_wconf 91' lang='lat' dir='ltr'>pe·</span> 
     </span>
     <span class='ocr_line' id='line_1_17' title="bbox 298 2315 1974 2405; baseline -0.001 -20"><span class='ocrx_word' id='word_1_176' title='bbox 298 2320 381 2385; x_wconf 87' lang='lat' dir='ltr'>dites</span> <span class='ocrx_word' id='word_1_177' title='bbox 409 2321 618 2400; x_wconf 87' lang='lat' dir='ltr'>incessimus,</span> <span class='ocrx_word' id='word_1_178' title='bbox 647 2319 757 2383; x_wconf 90' lang='lat' dir='ltr'>asinos</span> <span class='ocrx_word' id='word_1_179' title='bbox 787 2315 968 2381; x_wconf 85' lang='lat' dir='ltr'>conducere</span> <span class='ocrx_word' id='word_1_180' title='bbox 997 2340 1055 2403; x_wconf 91' lang='lat' dir='ltr'>pre</span> <span class='ocrx_word' id='word_1_181' title='bbox 1086 2317 1278 2382; x_wconf 75' lang='lat' dir='ltr'>lassitudine</span> <span class='ocrx_word' id='word_1_182' title='bbox 1301 2317 1514 2403; x_wconf 82' lang='lat' dir='ltr'>cogebamur,</span> <span class='ocrx_word' id='word_1_183' title='bbox 1544 2326 1574 2381; x_wconf 89' lang='lat' dir='ltr'>et</span> <span class='ocrx_word' id='word_1_184' title='bbox 1597 2320 1631 2381; x_wconf 93' lang='lat' dir='ltr'>in</span> <span class='ocrx_word' id='word_1_185' title='bbox 1653 2319 1700 2382; x_wconf 92' lang='lat' dir='ltr'>eis</span> <span class='ocrx_word' id='word_1_186' title='bbox 1721 2320 1805 2383; x_wconf 89' lang='lat' dir='ltr'>sicut</span> <span class='ocrx_word' id='word_1_187' title='bbox 1826 2319 1860 2383; x_wconf 91' lang='lat' dir='ltr'>in</span> <span class='ocrx_word' id='word_1_188' title='bbox 1883 2320 1974 2405; x_wconf 88' lang='lat' dir='ltr'>equis</span> 
     </span>
     <span class='ocr_line' id='line_1_18' title="bbox 263 2432 1973 2522; baseline 0.003 -26"><span class='ocrx_word' id='word_1_189' title='bbox 263 2435 436 2502; x_wconf 70' lang='lat' dir='ltr'>sfortibus</span> <span class='ocrx_word' id='word_1_190' title='bbox 469 2434 652 2498; x_wconf 89' lang='lat' dir='ltr'>discurrere</span> <span class='ocrx_word' id='word_1_191' title='bbox 683 2432 889 2519; x_wconf 89' lang='lat' dir='ltr'>putabamus.</span> <span class='ocrx_word' id='word_1_192' title='bbox 934 2432 1026 2496; x_wconf 91' lang='lat' dir='ltr'>Tunc</span> <span class='ocrx_word' id='word_1_193' title='bbox 1053 2432 1184 2520; x_wconf 88' lang='lat' dir='ltr'>quidam</span> <span class='ocrx_word' id='word_1_194' title='bbox 1211 2443 1374 2515; x_wconf 88' lang='lat' dir='ltr'>nostrum,</span> <span class='ocrx_word' id='word_1_195' title='bbox 1407 2456 1502 2518; x_wconf 88' lang='lat' dir='ltr'>quem</span> <span class='ocrx_word' id='word_1_196' title='bbox 1529 2434 1697 2496; x_wconf 88' lang='lat' dir='ltr'>nominare</span> <span class='ocrx_word' id='word_1_197' title='bbox 1723 2454 1788 2497; x_wconf 90' lang='lat' dir='ltr'>non</span> <span class='ocrx_word' id='word_1_198' title='bbox 1809 2455 1973 2522; x_wconf 84' lang='lat' dir='ltr'>presumo,</span> 
     </span>
    </p>
   </div>
   <div class='ocr_carea' id='block_1_7' title="bbox 264 2542 1974 2871">
    <p class='ocr_par' dir='ltr' id='par_1_9' title="bbox 264 2542 1974 2871">
     <span class='ocr_line' id='line_1_19' title="bbox 298 2542 1974 2640; baseline 0 -24"><span class='ocrx_word' id='word_1_199' title='bbox 298 2575 393 2640; x_wconf 89' lang='lat' dir='ltr'>quem</span> <span class='ocrx_word' id='word_1_200' title='bbox 416 2553 519 2615; x_wconf 89' lang='lat' dir='ltr'>eciam</span> <span class='ocrx_word' id='word_1_201' title='bbox 541 2548 692 2632; x_wconf 81' lang='lat' dir='ltr'>„fecundi</span> <span class='ocrx_word' id='word_1_202' title='bbox 716 2547 833 2612; x_wconf 88' lang='lat' dir='ltr'>calices</span> <span class='ocrx_word' id='word_1_203' title='bbox 854 2549 950 2611; x_wconf 89' lang='lat' dir='ltr'>nimis</span> <span class='ocrx_word' id='word_1_204' title='bbox 971 2548 1116 2613; x_wconf 88' lang='lat' dir='ltr'>fecerant</span> <span class='ocrx_word' id='word_1_205' title='bbox 1138 2549 1315 2615; x_wconf 88' lang='lat' dir='ltr'>disertum“</span> <span class='ocrx_word' id='word_1_206' title='bbox 1329 2551 1394 2630; x_wconf 56' lang='grc'>181),</span> <span class='ocrx_word' id='word_1_207' title='bbox 1418 2570 1490 2612; x_wconf 86' lang='lat' dir='ltr'>curn</span> <span class='ocrx_word' id='word_1_208' title='bbox 1509 2550 1654 2636; x_wconf 88' lang='lat' dir='ltr'>equitare</span> <span class='ocrx_word' id='word_1_209' title='bbox 1673 2558 1813 2635; x_wconf 88' lang='lat' dir='ltr'>putaret,</span> <span class='ocrx_word' id='word_1_210' title='bbox 1827 2542 1974 2637; x_wconf 65' lang='lat' dir='ltr'>¹pedibus</span> 
     </span>
     <span class='ocr_line' id='line_1_20' title="bbox 297 2663 1974 2750; baseline -0.001 -17"><span class='ocrx_word' id='word_1_211' title='bbox 297 2670 364 2734; x_wconf 91' lang='lat' dir='ltr'>suis</span> <span class='ocrx_word' id='word_1_212' title='bbox 386 2668 420 2732; x_wconf 89' lang='lat' dir='ltr'>in</span> <span class='ocrx_word' id='word_1_213' title='bbox 442 2667 572 2730; x_wconf 87' lang='lat' dir='ltr'>diuersa</span> <span class='ocrx_word' id='word_1_214' title='bbox 593 2663 799 2729; x_wconf 88' lang='lat' dir='ltr'>tendentibus</span> <span class='ocrx_word' id='word_1_215' title='bbox 820 2663 861 2727; x_wconf 89' lang='lat' dir='ltr'>de</span> <span class='ocrx_word' id='word_1_216' title='bbox 882 2664 973 2728; x_wconf 90' lang='lat' dir='ltr'>asino</span> <span class='ocrx_word' id='word_1_217' title='bbox 996 2664 1129 2746; x_wconf 82' lang='lat' dir='ltr'>cecidit,</span> <span class='ocrx_word' id='word_1_218' title='bbox 1158 2676 1190 2729; x_wconf 92' lang='lat' dir='ltr'>et</span> <span class='ocrx_word' id='word_1_219' title='bbox 1220 2665 1296 2730; x_wconf 90' lang='lat' dir='ltr'>dum</span> <span class='ocrx_word' id='word_1_220' title='bbox 1318 2663 1652 2750; x_wconf 86' lang='lat' dir='ltr'>surgerelaboraret,</span> <span class='ocrx_word' id='word_1_221' title='bbox 1680 2663 1803 2750; x_wconf 86' lang='lat' dir='ltr'>aliquot</span> <span class='ocrx_word' id='word_1_222' title='bbox 1824 2667 1908 2730; x_wconf 91' lang='lat' dir='ltr'>ictus</span> <span class='ocrx_word' id='word_1_223' title='bbox 1931 2667 1974 2732; x_wconf 90' lang='lat' dir='ltr'>ab</span> 
     </span>
     <span class='ocr_line' id='line_1_21' title="bbox 264 2754 1973 2871; baseline -0.001 -22"><span class='ocrx_word' id='word_1_224' title='bbox 264 2754 370 2871; x_wconf 61' lang='lat' dir='ltr'>gipso</span> <span class='ocrx_word' id='word_1_225' title='bbox 394 2786 485 2848; x_wconf 89' lang='lat' dir='ltr'>asino</span> <span class='ocrx_word' id='word_1_226' title='bbox 507 2782 640 2867; x_wconf 87' lang='lat' dir='ltr'>recepit</span> <span class='ocrx_word' id='word_1_227' title='bbox 675 2779 805 2844; x_wconf 87' lang='lat' dir='ltr'>Etiam</span> <span class='ocrx_word' id='word_1_228' title='bbox 829 2801 943 2844; x_wconf 87' lang='lat' dir='ltr'>uersus</span> <span class='ocrx_word' id='word_1_229' title='bbox 966 2777 1094 2844; x_wconf 90' lang='lat' dir='ltr'>Silenus</span> <span class='ocrx_word' id='word_1_230' title='bbox 1117 2779 1205 2845; x_wconf 82' lang='lat' dir='ltr'>calce</span> <span class='ocrx_word' id='word_1_231' title='bbox 1225 2780 1340 2845; x_wconf 84' lang='lat' dir='ltr'>feritur</span> <span class='ocrx_word' id='word_1_232' title='bbox 1362 2779 1469 2844; x_wconf 84' lang='lat' dir='ltr'>aselli!</span> <span class='ocrx_word' id='word_1_233' title='bbox 1495 2779 1560 2860; x_wconf 78' lang='lat' dir='ltr'>Qui</span> <span class='ocrx_word' id='word_1_234' title='bbox 1582 2792 1690 2844; x_wconf 86' lang='lat' dir='ltr'>tamen</span> <span class='ocrx_word' id='word_1_235' title='bbox 1715 2802 1843 2846; x_wconf 90' lang='lat' dir='ltr'>omnem</span> <span class='ocrx_word' id='word_1_236' title='bbox 1862 2804 1973 2848; x_wconf 90' lang='lat' dir='ltr'>casum</span> 
     </span>
    </p>
   </div>
   <div class='ocr_carea' id='block_1_8' title="bbox 296 2895 1888 2984">
    <p class='ocr_par' dir='ltr' id='par_1_10' title="bbox 296 2895 1888 2984">
     <span class='ocr_line' id='line_1_22' title="bbox 296 2895 1888 2984; baseline -0.002 -19"><span class='ocrx_word' id='word_1_237' title='bbox 296 2923 389 2965; x_wconf 89' lang='lat' dir='ltr'>suum</span> <span class='ocrx_word' id='word_1_238' title='bbox 412 2900 487 2963; x_wconf 91' lang='lat' dir='ltr'>uino</span> <span class='ocrx_word' id='word_1_239' title='bbox 511 2896 704 2984; x_wconf 89' lang='lat' dir='ltr'>imputabat,</span> <span class='ocrx_word' id='word_1_240' title='bbox 727 2918 800 2959; x_wconf 91' lang='lat' dir='ltr'>cum</span> <span class='ocrx_word' id='word_1_241' title='bbox 822 2896 935 2981; x_wconf 82' lang='lat' dir='ltr'>pocius</span> <span class='ocrx_word' id='word_1_242' title='bbox 957 2895 1184 2961; x_wconf 90' lang='lat' dir='ltr'>documentum</span> <span class='ocrx_word' id='word_1_243' title='bbox 1205 2895 1293 2960; x_wconf 89' lang='lat' dir='ltr'>istud</span> <span class='ocrx_word' id='word_1_244' title='bbox 1315 2896 1448 2962; x_wconf 83' lang='lat' dir='ltr'>Catonis</span> <span class='ocrx_word' id='word_1_245' title='bbox 1463 2896 1518 2972; x_wconf 81' lang='lat'>¹⁸²)</span> <span class='ocrx_word' id='word_1_246' title='bbox 1542 2895 1718 2961; x_wconf 87' lang='lat' dir='ltr'>obseruare</span> <span class='ocrx_word' id='word_1_247' title='bbox 1740 2895 1888 2962; x_wconf 90' lang='lat' dir='ltr'>deberet:</span> 
     </span>
    </p>
   </div>
   <div class='ocr_carea' id='block_1_9' title="bbox 716 3048 1541 3227">
    <p class='ocr_par' dir='ltr' id='par_1_11' title="bbox 716 3048 1541 3227">
     <span class='ocr_line' id='line_1_23' title="bbox 717 3048 1431 3128; baseline -0.013 -13"><span class='ocrx_word' id='word_1_248' title='bbox 717 3048 774 3124; x_wconf 83' lang='lat' dir='ltr'>Qui</span> <span class='ocrx_word' id='word_1_249' title='bbox 796 3059 867 3128; x_wconf 90' lang='lat' dir='ltr'>potu</span> <span class='ocrx_word' id='word_1_250' title='bbox 888 3069 1003 3128; x_wconf 80' lang='lat' dir='ltr'>peccas,</span> <span class='ocrx_word' id='word_1_251' title='bbox 1025 3048 1077 3108; x_wconf 91' lang='lat' dir='ltr'>tibi</span> <span class='ocrx_word' id='word_1_252' title='bbox 1099 3058 1161 3108; x_wconf 89' lang='lat' dir='ltr'>tute</span> <span class='ocrx_word' id='word_1_253' title='bbox 1183 3049 1335 3126; x_wconf 81' lang='lat' dir='ltr'>ignoscere</span> <span class='ocrx_word' id='word_1_254' title='bbox 1355 3049 1431 3124; x_wconf 85' lang='lat' dir='ltr'>noli;</span> 
     </span>
     <span class='ocr_line' id='line_1_24' title="bbox 716 3145 1541 3227; baseline -0.004 -20"><span class='ocrx_word' id='word_1_255' title='bbox 716 3148 807 3207; x_wconf 86' lang='lat' dir='ltr'>Nulla</span> <span class='ocrx_word' id='word_1_256' title='bbox 827 3149 937 3209; x_wconf 87' lang='lat' dir='ltr'>etenim</span> <span class='ocrx_word' id='word_1_257' title='bbox 957 3149 1017 3206; x_wconf 93' lang='lat' dir='ltr'>uini</span> <span class='ocrx_word' id='word_1_258' title='bbox 1040 3147 1128 3227; x_wconf 87' lang='lat' dir='ltr'>culpa</span> <span class='ocrx_word' id='word_1_259' title='bbox 1147 3157 1200 3222; x_wconf 87' lang='lat' dir='ltr'>est,</span> <span class='ocrx_word' id='word_1_260' title='bbox 1223 3145 1275 3207; x_wconf 89' lang='lat' dir='ltr'>ssd</span> <span class='ocrx_word' id='word_1_261' title='bbox 1299 3147 1386 3227; x_wconf 86' lang='lat' dir='ltr'>culpa</span> <span class='ocrx_word' id='word_1_262' title='bbox 1406 3147 1541 3208; x_wconf 88' lang='lat' dir='ltr'>bibentis.</span> 
     </span>
    </p>
   </div>
   <div class='ocr_carea' id='block_1_10' title="bbox 264 3292 1740 3380">
    <p class='ocr_par' dir='ltr' id='par_1_12' title="bbox 264 3292 1740 3380">
     <span class='ocr_line' id='line_1_25' title="bbox 264 3292 1740 3380; baseline 0 -22"><span class='ocrx_word' id='word_1_263' title='bbox 264 3316 279 3366; x_wconf 75' lang='lat' dir='ltr'>r</span> <span class='ocrx_word' id='word_1_264' title='bbox 422 3292 618 3358; x_wconf 90' lang='lat' dir='ltr'>Huiusmodi</span> <span class='ocrx_word' id='word_1_265' title='bbox 638 3294 744 3376; x_wconf 93' lang='lat' dir='ltr'>homo,</span> <span class='ocrx_word' id='word_1_266' title='bbox 767 3304 803 3358; x_wconf 91' lang='lat' dir='ltr'>ut</span> <span class='ocrx_word' id='word_1_267' title='bbox 821 3305 911 3380; x_wconf 91' lang='lat' dir='ltr'>puto,</span> <span class='ocrx_word' id='word_1_268' title='bbox 934 3293 1087 3379; x_wconf 88' lang='lat' dir='ltr'>deinceps</span> <span class='ocrx_word' id='word_1_269' title='bbox 1108 3295 1327 3359; x_wconf 90' lang='lat' dir='ltr'>testimonium</span> <span class='ocrx_word' id='word_1_270' title='bbox 1349 3292 1521 3380; x_wconf 88' lang='lat' dir='ltr'>perhibere</span> <span class='ocrx_word' id='word_1_271' title='bbox 1541 3315 1604 3358; x_wconf 91' lang='lat' dir='ltr'>non</span> <span class='ocrx_word' id='word_1_272' title='bbox 1626 3303 1740 3380; x_wconf 91' lang='lat' dir='ltr'>potest.</span> 
     </span>
    </p>
   </div>
   <div class='ocr_carea' id='block_1_11' title="bbox 265 3441 1974 3740">
    <p class='ocr_par' dir='ltr' id='par_1_13' title="bbox 265 3441 1974 3740">
     <span class='ocr_line' id='line_1_26' title="bbox 267 3441 1974 3529; baseline 0.004 -27"><span class='ocrx_word' id='word_1_273' title='bbox 267 3451 278 3502; x_wconf 89' lang='lat' dir='ltr'>t</span> <span class='ocrx_word' id='word_1_274' title='bbox 423 3441 567 3506; x_wconf 91' lang='lat' dir='ltr'>XXXII.</span> <span class='ocrx_word' id='word_1_275' title='bbox 609 3442 696 3507; x_wconf 89' lang='lat' dir='ltr'>Hinc</span> <span class='ocrx_word' id='word_1_276' title='bbox 717 3445 864 3507; x_wconf 89' lang='lat' dir='ltr'>uenimus</span> <span class='ocrx_word' id='word_1_277' title='bbox 886 3447 1120 3523; x_wconf 59' lang='lat' dir='ltr'>ramentum,</span> <span class='ocrx_word' id='word_1_278' title='bbox 1150 3464 1211 3529; x_wconf 91' lang='lat' dir='ltr'>que</span> <span class='ocrx_word' id='word_1_279' title='bbox 1234 3452 1283 3507; x_wconf 88' lang='lat' dir='ltr'>est</span> <span class='ocrx_word' id='word_1_280' title='bbox 1305 3443 1419 3507; x_wconf 86' lang='lat' dir='ltr'>ciuitas</span> <span class='ocrx_word' id='word_1_281' title='bbox 1440 3443 1503 3507; x_wconf 85' lang='lat' dir='ltr'>sita</span> <span class='ocrx_word' id='word_1_282' title='bbox 1522 3442 1614 3507; x_wconf 83' lang='lat' dir='ltr'>iuxta</span> <span class='ocrx_word' id='word_1_283' title='bbox 1635 3465 1740 3524; x_wconf 88' lang='lat' dir='ltr'>mare,</span> <span class='ocrx_word' id='word_1_284' title='bbox 1767 3452 1897 3529; x_wconf 90' lang='lat' dir='ltr'>portum</span> <span class='ocrx_word' id='word_1_285' title='bbox 1917 3442 1974 3508; x_wconf 83' lang='lat' dir='ltr'>hs·</span> 
     </span>
     <span class='ocr_line' id='line_1_27' title="bbox 265 3557 1974 3646; baseline 0.002 -26"><span class='ocrx_word' id='word_1_286' title='bbox 265 3559 378 3623; x_wconf 76' lang='lat' dir='ltr'>rbens</span> <span class='ocrx_word' id='word_1_287' title='bbox 408 3559 543 3641; x_wconf 88' lang='lat' dir='ltr'>honum,</span> <span class='ocrx_word' id='word_1_288' title='bbox 572 3580 635 3623; x_wconf 90' lang='lat' dir='ltr'>non</span> <span class='ocrx_word' id='word_1_289' title='bbox 663 3558 799 3623; x_wconf 90' lang='lat' dir='ltr'>multum</span> <span class='ocrx_word' id='word_1_290' title='bbox 829 3561 962 3624; x_wconf 86' lang='lat' dir='ltr'>munita.</span> <span class='ocrx_word' id='word_1_291' title='bbox 1005 3560 1042 3624; x_wconf 94' lang='lat' dir='ltr'>In</span> <span class='ocrx_word' id='word_1_292' title='bbox 1069 3582 1132 3646; x_wconf 87' lang='lat' dir='ltr'>qua</span> <span class='ocrx_word' id='word_1_293' title='bbox 1162 3571 1210 3623; x_wconf 88' lang='lat' dir='ltr'>est</span> <span class='ocrx_word' id='word_1_294' title='bbox 1232 3557 1325 3623; x_wconf 87' lang='lat' dir='ltr'>sedes</span> <span class='ocrx_word' id='word_1_295' title='bbox 1347 3557 1543 3645; x_wconf 86' lang='lat' dir='ltr'>episcopalis</span> <span class='ocrx_word' id='word_1_296' title='bbox 1571 3561 1668 3622; x_wconf 90' lang='lat' dir='ltr'>tertia</span> <span class='ocrx_word' id='word_1_297' title='bbox 1690 3557 1895 3645; x_wconf 87' lang='lat' dir='ltr'>suffraganea</span> <span class='ocrx_word' id='word_1_298' title='bbox 1918 3559 1974 3624; x_wconf 90' lang='lat' dir='ltr'>do·</span> 
     </span>
     <span class='ocr_line' id='line_1_28' title="bbox 298 3697 600 3740; baseline 0 -2"><span class='ocrx_word' id='word_1_299' title='bbox 298 3697 377 3740; x_wconf 85' lang='lat' dir='ltr'>mmr</span> <span class='ocrx_word' id='word_1_300' title='bbox 398 3697 600 3740; x_wconf 78' lang='lat' dir='ltr'>nicosrensrs.</span> 
     </span>
    </p>
   </div>
   <div class='ocr_carea' id='block_1_12' title="bbox 263 3799 1974 4026">
    <p class='ocr_par' dir='ltr' id='par_1_14' title="bbox 263 3799 1974 4026">
     <span class='ocr_line' id='line_1_29' title="bbox 263 3799 1974 3911; baseline 0 -22"><span class='ocrx_word' id='word_1_301' title='bbox 263 3838 278 3889; x_wconf 82' lang='lat'>3</span> <span class='ocrx_word' id='word_1_302' title='bbox 318 3799 324 3810; x_wconf 91' lang='lat'><strong>.</strong></span> <span class='ocrx_word' id='word_1_303' title='bbox 420 3824 518 3890; x_wconf 86' lang='lat' dir='ltr'>quta</span> <span class='ocrx_word' id='word_1_304' title='bbox 540 3824 630 3888; x_wconf 86' lang='lat' dir='ltr'>illam</span> <span class='ocrx_word' id='word_1_305' title='bbox 657 3826 719 3889; x_wconf 85' lang='lat' dir='ltr'>sita</span> <span class='ocrx_word' id='word_1_306' title='bbox 741 3835 791 3889; x_wconf 91' lang='lat' dir='ltr'>est</span> <span class='ocrx_word' id='word_1_307' title='bbox 813 3824 953 3911; x_wconf 82' lang='lat' dir='ltr'>quedam</span> <span class='ocrx_word' id='word_1_308' title='bbox 974 3825 1091 3889; x_wconf 86' lang='lat' dir='ltr'>ciuitas</span> <span class='ocrx_word' id='word_1_309' title='bbox 1114 3823 1296 3902; x_wconf 86' lang='lat' dir='ltr'>destructa,</span> <span class='ocrx_word' id='word_1_310' title='bbox 1318 3822 1358 3887; x_wconf 89' lang='lat' dir='ltr'>de</span> <span class='ocrx_word' id='word_1_311' title='bbox 1380 3846 1460 3910; x_wconf 85' lang='lat' dir='ltr'>qua,</span> <span class='ocrx_word' id='word_1_312' title='bbox 1482 3833 1517 3886; x_wconf 91' lang='lat' dir='ltr'>ut</span> <span class='ocrx_word' id='word_1_313' title='bbox 1537 3821 1667 3904; x_wconf 89' lang='lat' dir='ltr'>dicunt,</span> <span class='ocrx_word' id='word_1_314' title='bbox 1696 3822 1757 3886; x_wconf 84' lang='lat' dir='ltr'>fuit</span> <span class='ocrx_word' id='word_1_315' title='bbox 1778 3822 1894 3888; x_wconf 88' lang='lat' dir='ltr'>beatus</span> <span class='ocrx_word' id='word_1_316' title='bbox 1918 3823 1974 3890; x_wconf 89' lang='lat' dir='ltr'>ille</span> 
     </span>
     <span class='ocr_line' id='line_1_30' title="bbox 297 3939 1524 4026; baseline 0 -22"><span class='ocrx_word' id='word_1_317' title='bbox 297 3950 329 4004; x_wconf 94' lang='lat' dir='ltr'>et</span> <span class='ocrx_word' id='word_1_318' title='bbox 350 3961 487 4024; x_wconf 79' lang='lat' dir='ltr'>mugnus</span> <span class='ocrx_word' id='word_1_319' title='bbox 507 3939 713 4026; x_wconf 77' lang='lat' dir='ltr'>Epiphanius</span> <span class='ocrx_word' id='word_1_320' title='bbox 729 3942 795 4024; x_wconf 73' lang='lat'>¹⁸³),</span> <span class='ocrx_word' id='word_1_321' title='bbox 818 3942 909 4005; x_wconf 91' lang='lat' dir='ltr'>cuius</span> <span class='ocrx_word' id='word_1_322' title='bbox 932 3941 1089 4005; x_wconf 85' lang='lat' dir='ltr'>memoria</span> <span class='ocrx_word' id='word_1_323' title='bbox 1107 3939 1244 4004; x_wconf 89' lang='lat' dir='ltr'>habetur</span> <span class='ocrx_word' id='word_1_324' title='bbox 1264 3941 1298 4004; x_wconf 93' lang='lat' dir='ltr'>in</span> <span class='ocrx_word' id='word_1_325' title='bbox 1321 3961 1444 4004; x_wconf 89' lang='lat' dir='ltr'>canone</span> <span class='ocrx_word' id='word_1_326' title='bbox 1460 3940 1524 4016; x_wconf 65' lang='lat'><strong>¹⁵⁴).</strong></span> 
     </span>
    </p>
   </div>
   <div class='ocr_carea' id='block_1_13' title="bbox 262 4087 1975 4386">
    <p class='ocr_par' dir='ltr' id='par_1_15' title="bbox 262 4087 1975 4386">
     <span class='ocr_line' id='line_1_31' title="bbox 262 4087 1974 4176; baseline 0.002 -24"><span class='ocrx_word' id='word_1_327' title='bbox 262 4103 279 4152; x_wconf 82' lang='grc'><strong>4</strong></span> <span class='ocrx_word' id='word_1_328' title='bbox 421 4087 474 4151; x_wconf 80' lang='lat' dir='ltr'>Ab</span> <span class='ocrx_word' id='word_1_329' title='bbox 496 4087 557 4153; x_wconf 85' lang='lat' dir='ltr'>hac</span> <span class='ocrx_word' id='word_1_330' title='bbox 579 4089 711 4153; x_wconf 89' lang='lat' dir='ltr'>ciuitate</span> <span class='ocrx_word' id='word_1_331' title='bbox 729 4099 805 4176; x_wconf 89' lang='lat' dir='ltr'>post</span> <span class='ocrx_word' id='word_1_332' title='bbox 824 4112 947 4155; x_wconf 89' lang='lat' dir='ltr'>moram</span> <span class='ocrx_word' id='word_1_333' title='bbox 968 4093 1065 4154; x_wconf 88' lang='lat' dir='ltr'>trium</span> <span class='ocrx_word' id='word_1_334' title='bbox 1088 4089 1376 4170; x_wconf 84' lang='lat' dir='ltr'>hebdomadarum,</span> <span class='ocrx_word' id='word_1_335' title='bbox 1398 4087 1515 4173; x_wconf 92' lang='lat' dir='ltr'>quibus</span> <span class='ocrx_word' id='word_1_336' title='bbox 1538 4096 1668 4152; x_wconf 90' lang='lat' dir='ltr'>uentum</span> <span class='ocrx_word' id='word_1_337' title='bbox 1690 4089 1894 4154; x_wconf 88' lang='lat' dir='ltr'>commodum</span> <span class='ocrx_word' id='word_1_338' title='bbox 1917 4112 1974 4156; x_wconf 84' lang='lat' dir='ltr'>ex·</span> 
     </span>
     <span class='ocr_line' id='line_1_32' title="bbox 297 4202 1975 4293; baseline 0.001 -24"><span class='ocrx_word' id='word_1_339' title='bbox 297 4205 516 4293; x_wconf 82' lang='lat' dir='ltr'>pectauimus,</span> <span class='ocrx_word' id='word_1_340' title='bbox 544 4202 618 4269; x_wconf 90' lang='lat' dir='ltr'>uela</span> <span class='ocrx_word' id='word_1_341' title='bbox 647 4204 816 4270; x_wconf 89' lang='lat' dir='ltr'>tendentes</span> <span class='ocrx_word' id='word_1_342' title='bbox 845 4206 878 4269; x_wconf 93' lang='lat' dir='ltr'>in</span> <span class='ocrx_word' id='word_1_343' title='bbox 907 4204 1007 4270; x_wconf 88' lang='lat' dir='ltr'>altum</span> <span class='ocrx_word' id='word_1_344' title='bbox 1035 4205 1135 4270; x_wconf 91' lang='lat' dir='ltr'>multo</span> <span class='ocrx_word' id='word_1_345' title='bbox 1164 4205 1277 4270; x_wconf 86' lang='lat' dir='ltr'>labore</span> <span class='ocrx_word' id='word_1_346' title='bbox 1305 4217 1337 4270; x_wconf 91' lang='lat' dir='ltr'>et</span> <span class='ocrx_word' id='word_1_347' title='bbox 1359 4205 1392 4267; x_wconf 90' lang='lat' dir='ltr'>in</span> <span class='ocrx_word' id='word_1_348' title='bbox 1413 4225 1533 4289; x_wconf 83' lang='lat' dir='ltr'>magna</span> <span class='ocrx_word' id='word_1_349' title='bbox 1555 4213 1745 4288; x_wconf 88' lang='lat' dir='ltr'>tempestate</span> <span class='ocrx_word' id='word_1_350' title='bbox 1767 4205 1800 4267; x_wconf 93' lang='lat' dir='ltr'>in</span> <span class='ocrx_word' id='word_1_351' title='bbox 1823 4202 1975 4284; x_wconf 79' lang='lat' dir='ltr'>[Hebion]</span> 
     </span>
     <span class='ocr_line' id='line_1_33' title="bbox 299 4341 566 4386; baseline -0.015 0"><span class='ocrx_word' id='word_1_352' title='bbox 299 4343 409 4386; x_wconf 91' lang='lat' dir='ltr'>sumus</span> <span class='ocrx_word' id='word_1_353' title='bbox 432 4341 566 4383; x_wconf 77' lang='lat' dir='ltr'>reuersi.</span> 
     </span>
    </p>
   </div>
   <div class='ocr_carea' id='block_1_14' title="bbox 363 4480 1975 4621">
    <p class='ocr_par' dir='ltr' id='par_1_16' title="bbox 363 4480 1975 4621">
     <span class='ocr_line' id='line_1_34' title="bbox 363 4480 1975 4620; baseline 0.001 -82"><span class='ocrx_word' id='word_1_354' title='bbox 363 4486 391 4551; x_wconf 84' lang='lat' dir='ltr'>a)</span> <span class='ocrx_word' id='word_1_355' title='bbox 408 4490 570 4620; x_wconf 47' lang='lat' dir='ltr'>opportuit:l</span> <span class='ocrx_word' id='word_1_356' title='bbox 581 4481 665 4538; x_wconf 82' lang='lat' dir='ltr'>BEd.</span> <span class='ocrx_word' id='word_1_357' title='bbox 695 4480 737 4539; x_wconf 84' lang='lat' dir='ltr'>cf.</span> <span class='ocrx_word' id='word_1_358' title='bbox 757 4482 932 4553; x_wconf 89' lang='lat' dir='ltr'>scriptionem</span> <span class='ocrx_word' id='word_1_359' title='bbox 953 4485 1099 4540; x_wconf 68' lang='lat' dir='ltr'>obsonant</span> <span class='ocrx_word' id='word_1_360' title='bbox 1115 4484 1184 4555; x_wconf 88' lang='lat' dir='ltr'>prol.</span> <span class='ocrx_word' id='word_1_361' title='bbox 1203 4503 1224 4539; x_wconf 87' lang='lat' dir='ltr'>s.</span> <span class='ocrx_word' id='word_1_362' title='bbox 1243 4489 1258 4540; x_wconf 85' lang='grc'>3</span> <span class='ocrx_word' id='word_1_363' title='bbox 1276 4499 1327 4553; x_wconf 91' lang='lat' dir='ltr'>pro</span> <span class='ocrx_word' id='word_1_364' title='bbox 1346 4483 1498 4536; x_wconf 66' lang='lat' dir='ltr'>obtentam.</span> <span class='ocrx_word' id='word_1_365' title='bbox 1518 4512 1549 4521; x_wconf 92' lang='lat'>-</span> <span class='ocrx_word' id='word_1_366' title='bbox 1567 4480 1596 4548; x_wconf 92' lang='lat' dir='ltr'>b)</span> <span class='ocrx_word' id='word_1_367' title='bbox 1616 4481 1833 4536; x_wconf 66' lang='grc'><strong>(18111088.-</strong></span> <span class='ocrx_word' id='word_1_368' title='bbox 1851 4485 1878 4548; x_wconf 88' lang='lat' dir='ltr'>c)</span> <span class='ocrx_word' id='word_1_369' title='bbox 1897 4484 1975 4539; x_wconf 76' lang='lat' dir='ltr'>iacto</span> 
     </span>
     <span class='ocr_line' id='line_1_35' title="bbox 434 4582 578 4621; baseline 0 -1"><span class='ocrx_word' id='word_1_370' title='bbox 434 4582 510 4621; x_wconf 83' lang='lat' dir='ltr'>mare</span> <span class='ocrx_word' id='word_1_371' title='bbox 574 4610 578 4620; x_wconf 89' lang='lat'>.</span> 
     </span>
    </p>
   </div>
   <div class='ocr_carea' id='block_1_15' title="bbox 266 4718 1977 5689">
    <p class='ocr_par' dir='ltr' id='par_1_17' title="bbox 266 4718 1977 5177">
     <span class='ocr_line' id='line_1_36' title="bbox 266 4718 1977 4798; baseline -0.001 -15"><span class='ocrx_word' id='word_1_372' title='bbox 266 4789 268 4792; x_wconf 58' lang='grc'><strong>,</strong></span> <span class='ocrx_word' id='word_1_373' title='bbox 362 4724 432 4794; x_wconf 84' lang='grc'><strong>179)</strong></span> <span class='ocrx_word' id='word_1_374' title='bbox 459 4723 500 4779; x_wconf 84' lang='lat' dir='ltr'>od</span> <span class='ocrx_word' id='word_1_375' title='bbox 528 4720 701 4797; x_wconf 81' lang='lat' dir='ltr'>penetralia</span> <span class='ocrx_word' id='word_1_376' title='bbox 734 4741 852 4779; x_wconf 82' lang='lat' dir='ltr'>suorum</span> <span class='ocrx_word' id='word_1_377' title='bbox 880 4723 1047 4798; x_wconf 76' lang='lat' dir='ltr'>clarorum}</span> <span class='ocrx_word' id='word_1_378' title='bbox 1086 4723 1116 4780; x_wconf 90' lang='lat' dir='ltr'>in</span> <span class='ocrx_word' id='word_1_379' title='bbox 1157 4719 1253 4779; x_wconf 90' lang='lat' dir='ltr'>undus</span> <span class='ocrx_word' id='word_1_380' title='bbox 1281 4740 1346 4780; x_wconf 86' lang='lat' dir='ltr'>esse</span> <span class='ocrx_word' id='word_1_381' title='bbox 1374 4720 1471 4780; x_wconf 86' lang='lat' dir='ltr'>fertur.</span> <span class='ocrx_word' id='word_1_382' title='bbox 1514 4718 1574 4780; x_wconf 80' lang='lat' dir='ltr'>Sed</span> <span class='ocrx_word' id='word_1_383' title='bbox 1603 4740 1669 4778; x_wconf 91' lang='lat' dir='ltr'>cum</span> <span class='ocrx_word' id='word_1_384' title='bbox 1700 4718 1875 4780; x_wconf 86' lang='lat' dir='ltr'>Wilbrando</span> <span class='ocrx_word' id='word_1_385' title='bbox 1906 4740 1977 4781; x_wconf 86' lang='lat' dir='ltr'>con·</span> 
     </span>
     <span class='ocr_line' id='line_1_37' title="bbox 297 4817 1976 4901; baseline 0.001 -22"><span class='ocrx_word' id='word_1_386' title='bbox 297 4818 402 4881; x_wconf 91' lang='lat' dir='ltr'>domus</span> <span class='ocrx_word' id='word_1_387' title='bbox 424 4839 533 4891; x_wconf 85' lang='lat' dir='ltr'>eorum,</span> <span class='ocrx_word' id='word_1_388' title='bbox 554 4820 604 4899; x_wconf 87' lang='lat' dir='ltr'>qni</span> <span class='ocrx_word' id='word_1_389' title='bbox 625 4820 745 4879; x_wconf 89' lang='lat' dir='ltr'>mortuis</span> <span class='ocrx_word' id='word_1_390' title='bbox 768 4821 840 4892; x_wconf 79' lang='lat' dir='ltr'>cari,</span> <span class='ocrx_word' id='word_1_391' title='bbox 862 4822 1019 4901; x_wconf 89' lang='lat' dir='ltr'>propinqui</span> <span class='ocrx_word' id='word_1_392' title='bbox 1039 4829 1116 4881; x_wconf 88' lang='lat' dir='ltr'>sunt.</span> <span class='ocrx_word' id='word_1_393' title='bbox 1158 4819 1247 4878; x_wconf 91' lang='lat' dir='ltr'>sentit</span> <span class='ocrx_word' id='word_1_394' title='bbox 1264 4819 1588 4894; x_wconf 86' lang='lat' dir='ltr'>(Pseudo·)Antoninus</span> <span class='ocrx_word' id='word_1_395' title='bbox 1605 4819 1725 4899; x_wconf 81' lang='lat' dir='ltr'>Murtyr,</span> <span class='ocrx_word' id='word_1_396' title='bbox 1745 4820 1795 4898; x_wconf 87' lang='lat' dir='ltr'>qui</span> <span class='ocrx_word' id='word_1_397' title='bbox 1816 4839 1883 4879; x_wconf 86' lang='lat' dir='ltr'>eum</span> <span class='ocrx_word' id='word_1_398' title='bbox 1897 4817 1976 4880; x_wconf 77' lang='lat' dir='ltr'>(lon-</span> 
     </span>
     <span class='ocr_line' id='line_1_38' title="bbox 362 4915 1976 5017; baseline 0 -14"><span class='ocrx_word' id='word_1_399' title='bbox 362 4945 431 5015; x_wconf 88' lang='grc'><strong>180)</strong></span> <span class='ocrx_word' id='word_1_400' title='bbox 462 4950 592 4999; x_wconf 80' lang='lat' dir='ltr'>mortuos</span> <span class='ocrx_word' id='word_1_401' title='bbox 618 4942 695 5017; x_wconf 79' lang='lat' dir='ltr'>roos]</span> <span class='ocrx_word' id='word_1_402' title='bbox 733 4941 809 4999; x_wconf 85' lang='lat' dir='ltr'>Mira</span> <span class='ocrx_word' id='word_1_403' title='bbox 836 4961 907 5002; x_wconf 87' lang='lat' dir='ltr'>sane</span> <span class='ocrx_word' id='word_1_404' title='bbox 936 4944 1018 5004; x_wconf 86' lang='lat' dir='ltr'>verbi</span> <span class='ocrx_word' id='word_1_405' title='bbox 1047 4946 1117 5005; x_wconf 89' lang='lat' dir='ltr'>Iesu</span> <span class='ocrx_word' id='word_1_406' title='bbox 1158 4920 1282 4978; x_wconf 53' lang='lat' dir='ltr'>&#39;mlle</span> <span class='ocrx_word' id='word_1_407' title='bbox 1304 4927 1403 4977; x_wconf 64' lang='lat' dir='ltr'>¹¹⁸t¹¹¹¹¹</span> <span class='ocrx_word' id='word_1_408' title='bbox 1425 4917 1521 4979; x_wconf 50' lang='lat' dir='ltr'>indit·</span> <span class='ocrx_word' id='word_1_409' title='bbox 1558 4918 1594 4978; x_wconf 79' lang='lat' dir='ltr'>V·</span> <span class='ocrx_word' id='word_1_410' title='bbox 1617 4918 1674 4979; x_wconf 63' lang='lat'>‘21</span> <span class='ocrx_word' id='word_1_411' title='bbox 1695 4922 1758 4997; x_wconf 82' lang='lat' dir='ltr'>P·3</span> <span class='ocrx_word' id='word_1_412' title='bbox 1782 4915 1828 4978; x_wconf 58' lang='lat'>⁰³·</span> <span class='ocrx_word' id='word_1_413' title='bbox 1842 4916 1976 4978; x_wconf 62' lang='lat' dir='ltr'>T⁰b¹⁰fl</span> 
     </span>
     <span class='ocr_line' id='line_1_39' title="bbox 296 5015 1977 5119; baseline 0.001 -44"><span class='ocrx_word' id='word_1_414' title='bbox 296 5039 369 5099; x_wconf 43' lang='lat' dir='ltr'><strong>Luc·</strong></span> <span class='ocrx_word' id='word_1_415' title='bbox 389 5039 448 5100; x_wconf 46' lang='lat' dir='ltr'>IX·</span> <span class='ocrx_word' id='word_1_416' title='bbox 471 5044 509 5101; x_wconf 73' lang='lat'>50</span> <span class='ocrx_word' id='word_1_417' title='bbox 531 5039 615 5099; x_wconf 52' lang='lat'>,01³5</span> <span class='ocrx_word' id='word_1_418' title='bbox 636 5040 844 5119; x_wconf 43' lang='lat' dir='ltr'><strong>interpretatio·</strong></span> <span class='ocrx_word' id='word_1_419' title='bbox 1161 5015 1276 5076; x_wconf 76' lang='lat' dir='ltr'>Ciuitas</span> <span class='ocrx_word' id='word_1_420' title='bbox 1303 5018 1403 5095; x_wconf 86' lang='lat' dir='ltr'>igitur,</span> <span class='ocrx_word' id='word_1_421' title='bbox 1429 5036 1505 5098; x_wconf 83' lang='lat' dir='ltr'>quac</span> <span class='ocrx_word' id='word_1_422' title='bbox 1534 5017 1582 5076; x_wconf 84' lang='lat' dir='ltr'>hle</span> <span class='ocrx_word' id='word_1_423' title='bbox 1608 5017 1727 5089; x_wconf 86' lang='lat' dir='ltr'>dicitur,</span> <span class='ocrx_word' id='word_1_424' title='bbox 1753 5018 1903 5076; x_wconf 71' lang='lat' dir='ltr'>destructa</span> <span class='ocrx_word' id='word_1_425' title='bbox 1932 5027 1977 5077; x_wconf 84' lang='lat' dir='ltr'>est</span> 
     </span>
     <span class='ocr_line' id='line_1_40' title="bbox 1158 5113 1340 5177; baseline 0.011 -2"><span class='ocrx_word' id='word_1_426' title='bbox 1158 5113 1340 5177; x_wconf 83' lang='lat' dir='ltr'>Constantia.</span> 
     </span>
    </p>

    <p class='ocr_par' dir='ltr' id='par_1_18' title="bbox 1157 5211 1977 5491">
     <span class='ocr_line' id='line_1_41' title="bbox 1222 5211 1976 5290; baseline -0.003 -16"><span class='ocrx_word' id='word_1_427' title='bbox 1222 5217 1292 5289; x_wconf 82' lang='grc'><strong>181)</strong></span> <span class='ocrx_word' id='word_1_428' title='bbox 1313 5215 1345 5273; x_wconf 81' lang='lat' dir='ltr'>in</span> <span class='ocrx_word' id='word_1_429' title='bbox 1366 5216 1487 5290; x_wconf 80' lang='lat' dir='ltr'>conone]</span> <span class='ocrx_word' id='word_1_430' title='bbox 1507 5214 1538 5272; x_wconf 90' lang='lat' dir='ltr'>in</span> <span class='ocrx_word' id='word_1_431' title='bbox 1559 5214 1690 5274; x_wconf 75' lang='lat' dir='ltr'>emtione</span> <span class='ocrx_word' id='word_1_432' title='bbox 1710 5212 1830 5274; x_wconf 71' lang='lat' dir='ltr'>missali.</span> <span class='ocrx_word' id='word_1_433' title='bbox 1866 5211 1976 5274; x_wconf 78' lang='lat' dir='ltr'>Exem-</span> 
     </span>
     <span class='ocr_line' id='line_1_42' title="bbox 1157 5311 1977 5393; baseline 0 -21"><span class='ocrx_word' id='word_1_434' title='bbox 1157 5313 1207 5393; x_wconf 90' lang='lat' dir='ltr'>plo</span> <span class='ocrx_word' id='word_1_435' title='bbox 1234 5323 1280 5373; x_wconf 87' lang='lat' dir='ltr'>est</span> <span class='ocrx_word' id='word_1_436' title='bbox 1303 5313 1398 5373; x_wconf 85' lang='lat' dir='ltr'>forma</span> <span class='ocrx_word' id='word_1_437' title='bbox 1416 5314 1523 5373; x_wconf 84' lang='lat' dir='ltr'>missae</span> <span class='ocrx_word' id='word_1_438' title='bbox 1545 5311 1755 5391; x_wconf 74' lang='lat' dir='ltr'>chrysostomo</span> <span class='ocrx_word' id='word_1_439' title='bbox 1776 5311 1926 5392; x_wconf 52' lang='lat' dir='ltr'>&amp;scripta</span> <span class='ocrx_word' id='word_1_440' title='bbox 1944 5312 1977 5372; x_wconf 92' lang='lat' dir='ltr'>in</span> 
     </span>
     <span class='ocr_line' id='line_1_43' title="bbox 1157 5407 1975 5491; baseline 0.002 -21"><span class='ocrx_word' id='word_1_441' title='bbox 1157 5411 1341 5491; x_wconf 74' lang='lat' dir='ltr'>Euchologio</span> <span class='ocrx_word' id='word_1_442' title='bbox 1374 5432 1481 5491; x_wconf 82' lang='lat' dir='ltr'>graeco</span> <span class='ocrx_word' id='word_1_443' title='bbox 1508 5409 1610 5473; x_wconf 77' lang='lat' dir='ltr'>Iacchi</span> <span class='ocrx_word' id='word_1_444' title='bbox 1637 5407 1726 5471; x_wconf 80' lang='lat' dir='ltr'>Goar.</span> <span class='ocrx_word' id='word_1_445' title='bbox 1767 5408 1871 5471; x_wconf 82' lang='lat' dir='ltr'>Venet.</span> <span class='ocrx_word' id='word_1_446' title='bbox 1896 5414 1975 5472; x_wconf 76' lang='grc'><strong>1780</strong></span> 
     </span>
    </p>

    <p class='ocr_par' dir='ltr' id='par_1_19' title="bbox 299 5502 1976 5689">
     <span class='ocr_line' id='line_1_44' title="bbox 364 5502 1976 5590; baseline 0.001 -24"><span class='ocrx_word' id='word_1_447' title='bbox 364 5506 433 5577; x_wconf 86' lang='grc'><strong>188)</strong></span> <span class='ocrx_word' id='word_1_448' title='bbox 461 5502 566 5562; x_wconf 79' lang='lat' dir='ltr'>ciuitas</span> <span class='ocrx_word' id='word_1_449' title='bbox 595 5535 633 5546; x_wconf 95' lang='lat'><em>—</em></span> <span class='ocrx_word' id='word_1_450' title='bbox 665 5507 862 5585; x_wconf 70' lang='lat' dir='ltr'>Eprptanius]</span> <span class='ocrx_word' id='word_1_451' title='bbox 894 5506 1019 5569; x_wconf 83' lang='lat' dir='ltr'>Sanctus</span> <span class='ocrx_word' id='word_1_452' title='bbox 1046 5508 1117 5589; x_wconf 79' lang='lat' dir='ltr'>Ilpi·</span> <span class='ocrx_word' id='word_1_453' title='bbox 1157 5508 1208 5570; x_wconf 83' lang='lat' dir='ltr'>fol.</span> <span class='ocrx_word' id='word_1_454' title='bbox 1231 5513 1280 5586; x_wconf 84' lang='grc'>58,</span> <span class='ocrx_word' id='word_1_455' title='bbox 1300 5509 1349 5570; x_wconf 87' lang='lat' dir='ltr'>ubi</span> <span class='ocrx_word' id='word_1_456' title='bbox 1369 5509 1479 5583; x_wconf 81' lang='lat' dir='ltr'>Basilii,</span> <span class='ocrx_word' id='word_1_457' title='bbox 1499 5508 1643 5590; x_wconf 80' lang='lat' dir='ltr'>Gregorii,</span> <span class='ocrx_word' id='word_1_458' title='bbox 1664 5509 1830 5583; x_wconf 73' lang='lat' dir='ltr'>Athanasii,</span> <span class='ocrx_word' id='word_1_459' title='bbox 1850 5507 1976 5570; x_wconf 68' lang='lat' dir='ltr'>chorum</span> 
     </span>
     <span class='ocr_line' id='line_1_45' title="bbox 299 5600 1561 5689; baseline 0.006 -28"><span class='ocrx_word' id='word_1_460' title='bbox 299 5600 424 5682; x_wconf 79' lang='lat' dir='ltr'>phanius</span> <span class='ocrx_word' id='word_1_461' title='bbox 444 5600 534 5677; x_wconf 81' lang='lat' dir='ltr'>vulgo</span> <span class='ocrx_word' id='word_1_462' title='bbox 557 5600 777 5685; x_wconf 77' lang='lat' dir='ltr'>Eleutheropoli</span> <span class='ocrx_word' id='word_1_463' title='bbox 798 5606 829 5665; x_wconf 89' lang='lat' dir='ltr'>in</span> <span class='ocrx_word' id='word_1_464' title='bbox 850 5606 962 5668; x_wconf 69' lang='lat' dir='ltr'>Iudaea</span> <span class='ocrx_word' id='word_1_465' title='bbox 987 5609 1042 5667; x_wconf 81' lang='lat' dir='ltr'>sita</span> <span class='ocrx_word' id='word_1_466' title='bbox 1063 5609 1118 5668; x_wconf 89' lang='lat' dir='ltr'>ori·</span> <span class='ocrx_word' id='word_1_467' title='bbox 1158 5609 1278 5668; x_wconf 78' lang='lat' dir='ltr'>nomina</span> <span class='ocrx_word' id='word_1_468' title='bbox 1298 5611 1347 5689; x_wconf 84' lang='lat' dir='ltr'>pie</span> <span class='ocrx_word' id='word_1_469' title='bbox 1366 5617 1561 5669; x_wconf 86' lang='lat' dir='ltr'>recensentur.</span> 
     </span>
    </p>
   </div>
   <div class='ocr_carea' id='block_1_16' title="bbox 302 5160 1118 5342">
    <p class='ocr_par' dir='ltr' id='par_1_20' title="bbox 302 5160 1118 5342">
     <span class='ocr_line' id='line_1_46' title="bbox 363 5160 1117 5245; baseline 0.005 -23"><span class='ocrx_word' id='word_1_470' title='bbox 363 5164 432 5235; x_wconf 88' lang='grc'><strong>181)</strong></span> <span class='ocrx_word' id='word_1_471' title='bbox 451 5160 577 5234; x_wconf 81' lang='lat' dir='ltr'>secundi</span> <span class='ocrx_word' id='word_1_472' title='bbox 597 5195 637 5205; x_wconf 95' lang='lat'>-</span> <span class='ocrx_word' id='word_1_473' title='bbox 658 5160 808 5238; x_wconf 78' lang='lat' dir='ltr'>disertum]</span> <span class='ocrx_word' id='word_1_474' title='bbox 834 5160 938 5223; x_wconf 78' lang='lat' dir='ltr'>Horat.</span> <span class='ocrx_word' id='word_1_475' title='bbox 959 5163 1018 5245; x_wconf 80' lang='lat' dir='ltr'>Ep.</span> <span class='ocrx_word' id='word_1_476' title='bbox 1042 5164 1066 5237; x_wconf 92' lang='lat'>1,</span> <span class='ocrx_word' id='word_1_477' title='bbox 1090 5171 1117 5227; x_wconf 83' lang='lat'>5.</span> 
     </span>
     <span class='ocr_line' id='line_1_47' title="bbox 302 5257 1118 5342; baseline 0 -21"><span class='ocrx_word' id='word_1_478' title='bbox 302 5266 354 5324; x_wconf 79' lang='lat'>19:</span> <span class='ocrx_word' id='word_1_479' title='bbox 381 5257 516 5320; x_wconf 79' lang='lat' dir='ltr'>Fecundi</span> <span class='ocrx_word' id='word_1_480' title='bbox 539 5259 644 5320; x_wconf 85' lang='lat' dir='ltr'>calices</span> <span class='ocrx_word' id='word_1_481' title='bbox 666 5280 754 5342; x_wconf 87' lang='lat' dir='ltr'>quem</span> <span class='ocrx_word' id='word_1_482' title='bbox 767 5280 828 5320; x_wconf 91' lang='lat' dir='ltr'>non</span> <span class='ocrx_word' id='word_1_483' title='bbox 842 5259 940 5322; x_wconf 80' lang='lat' dir='ltr'>fecere</span> <span class='ocrx_word' id='word_1_484' title='bbox 956 5262 1118 5322; x_wconf 79' lang='lat' dir='ltr'>disertum?</span> 
     </span>
    </p>
   </div>
   <div class='ocr_carea' id='block_1_17' title="bbox 364 5381 986 5467">
    <p class='ocr_par' dir='ltr' id='par_1_21' title="bbox 364 5381 986 5467">
     <span class='ocr_line' id='line_1_48' title="bbox 364 5381 986 5467; baseline 0.006 -25"><span class='ocrx_word' id='word_1_485' title='bbox 364 5384 433 5456; x_wconf 85' lang='grc'><strong>182)</strong></span> <span class='ocrx_word' id='word_1_486' title='bbox 458 5381 588 5458; x_wconf 76' lang='lat' dir='ltr'>Ontonia]</span> <span class='ocrx_word' id='word_1_487' title='bbox 609 5381 646 5444; x_wconf 90' lang='lat' dir='ltr'>V.</span> <span class='ocrx_word' id='word_1_488' title='bbox 668 5383 793 5443; x_wconf 71' lang='lat' dir='ltr'>disticha</span> <span class='ocrx_word' id='word_1_489' title='bbox 814 5405 842 5444; x_wconf 85' lang='lat' dir='ltr'>v.</span> <span class='ocrx_word' id='word_1_490' title='bbox 868 5389 924 5446; x_wconf 74' lang='lat'>1³0</span> <span class='ocrx_word' id='word_1_491' title='bbox 943 5405 986 5467; x_wconf 88' lang='lat' dir='ltr'>sq.</span> 
     </span>
    </p>
   </div>
   <div class='ocr_carea' id='block_1_18' title="bbox 0 0 2112 6096">
    <p class='ocr_par' dir='ltr' id='par_1_22' title="bbox 0 0 2112 6096">
     <span class='ocr_line' id='line_1_49' title="bbox 0 0 2112 6096; baseline 0 0"><span class='ocrx_word' id='word_1_492' title='bbox 0 0 2112 6096; x_wconf 95' lang='lat' dir='ltr'> </span> 
     </span>
    </p>
   </div>
  </div>
 </body>
</html>
