4214 6096
1009 363 1048 427 43

195 542 228 605 in
255 540 404 627 partibus
426 539 660 626 Scythopoleos
674 541 730 619 111)
756 543 791 604 in
813 539 941 606 Galilea
970 541 1062 605 iuxta
1082 549 1206 606 montes
1228 538 1352 604 Gelboe
1372 562 1437 604 non
1458 540 1554 625 longe
1581 563 1601 605 a
1623 542 1705 606 mari
1727 540 1863 607 Galilee.

195 656 256 724 cui
281 656 353 722 loco
374 658 500 721 uicinus
520 664 569 720 est
588 655 683 720 ualde
705 678 796 721 mons
819 655 900 720 alius
917 653 1080 741 Seyrm),
1100 656 1134 719 in
1155 676 1218 740 quo
1240 654 1409 719 habitabat
1428 665 1574 742 tempore
1591 657 1656 738 illo,
1679 678 1751 721 cum
1765 657 1864 722 Iacob

195 772 316 838 rediret
338 771 378 837 de
400 782 489 836 terra
509 770 753 857 Mesopotamia.
797 772 842 836 Et
862 773 909 834 ita
932 769 972 836 de
993 770 1082 835 facili
1102 770 1148 835 ibi
1169 779 1301 856 poterat
1322 792 1493 836 occurrere
1513 773 1609 837 fratri
1631 796 1702 854 suo,
1724 774 1812 860 quod
1833 784 1865 838 et

193 897 303 954 textus
324 889 423 952 tacite
445 886 572 950 uidetur·
593 888 734 951 innuere.
777 887 906 951 Dicitur
927 888 1080 964 enimm)
1102 885 1240 951 Genesis
1262 886 1410 967 XXXII,
1445 886 1530 973 quod
1557 888 1727 954 recedente
1747 889 1865 955 Laban

195 1025 216 1068 a
239 1002 341 1068 Iacob
368 1001 422 1067 ille
450 1001 610 1088 pergebat
631 1013 724 1088 cepto
746 1004 875 1086 itinere,
907 1012 939 1067 et
960 1002 1072 1068 obuios
1094 1001 1207 1066 habuit
1229 1002 1361 1088 angelos
1383 1002 1464 1084 Dei,
1493 1015 1525 1068 et
1545 1004 1641 1069 dixit:
1674 1008 1786 1068 Castra
1807 1013 1866 1070 Dei

195 1131 264 1181 sunt
291 1124 357 1195 tec,
385 1130 413 1181 et
434 1123 601 1198 appellauit
622 1141 725 1180 nomen
745 1123 803 1180 loci
823 1124 1043 1199 Matanayw)
1054 1118 1128 1196 111),
1156 1123 1252 1180 idest
1274 1131 1377 1201 castra
1409 1121 1476 1204 (qui
1496 1119 1586 1184 locus
1615 1131 1666 1184 est
1686 1120 1782 1185 hodie
1804 1123 1865 1187 sub

194 1245 303 1301 monte
325 1232 454 1298 Galaad
475 1235 509 1297 in
532 1233 620 1297 tribu
642 1233 746 1316 (irad),
777 1245 809 1299 et
829 1234 870 1299 de
890 1234 961 1299 loco
983 1236 1045 1299 isto
1067 1235 1156 1298 misit
1173 1234 1308 1298 nuncios
1329 1233 1372 1298 ad
1393 1235 1526 1300 fratrem
1547 1258 1656 1319 suum,
1687 1239 1742 1322 qui
1762 1240 1865 1303 eciam

195 1351 317 1416 ibidem
339 1348 381 1413 ad
402 1372 475 1414 eum
495 1348 668 1414 redierunt.
712 1349 807 1414 Unde
828 1362 860 1415 et
882 1352 1034 1428 intrem)
1058 1348 1184 1430 dicitur,
1206 1349 1293 1435 quod
1314 1355 1473 1430 separauit
1493 1375 1618 1449 manera
1631 1359 1737 1430 fratri
1757 1379 1809 1418 suo
1824 1355 1866 1420 de

196 1465 350 1552 gregibus
373 1466 440 1530 suis
462 1476 494 1529 et
511 1466 599 1529 misit
619 1488 677 1551 per
699 1488 814 1531 manus
834 1468 1033 1532 nunciorum.
1063 1466 1108 1530 Et
1129 1466 1245 1530 dicitur
1266 1466 1396 1544 ibi²ss²):
1418 1469 1664 1546 Processeruntb)
1686 1475 1785 1552 itaque
1803 1497 1865 1535 ma-

194 1605 283 1658 nera,
311 1586 375 1661 ipse
407 1604 480 1643 uero
501 1587 599 1643 adtac
619 1585 728 1643 mansit
760 1587 924 1645 incastris
957 1581 1029 1657 (hoc
1051 1584 1154 1646 estin
1175 1581 1385 1667 Mahanaym)
1421 1596 1504 1645 nocte
1532 1587 1603 1659 illa,
1635 1608 1755 1667 cumque
1781 1613 1866 1654 mane

193 1700 391 1774 surrexisset,
419 1701 562 1759 transisit
591 1703 702 1759 uadum
722 1702 812 1760 labos
838 1700 905 1783 (qui
927 1699 1029 1762 eciam
1052 1697 1147 1762 hodie
1169 1697 1348 1763 ostenditur
1369 1696 1447 1777 ibi),
1467 1712 1495 1762 st
1515 1708 1599 1763 eccs!
1624 1707 1674 1762 air
1695 1709 1866 1769 luctabatur

194 1836 258 1876 cnm
280 1836 314 1875 so
335 1822 367 1876 et
389 1823 506 1878 cetera.
547 1813 592 1876 Et
611 1814 786 1891 infra²⁰³):
814 1818 988 1894 notauitque
1009 1837 1112 1876 nornen
1133 1818 1213 1875 illias
1233 1819 1290 1876 loci
1309 1820 1453 1878 Phanuel.
1498 1814 1564 1895 Qui
1590 1817 1680 1883 locus
1704 1830 1752 1885 est
1771 1821 1867 1888 hodie

196 1951 293 2015 super
320 1938 496 1993 torrentem
516 1929 618 1993 Iaboc
645 1929 790 1994 similiter
821 1931 855 1992 in
884 1929 971 1993 tribu
994 1928 1078 1993 Gad.
1125 1933 1272 2010 Ortusqae
1300 1943 1342 1992 est
1366 1934 1393 1992 ei
1421 1937 1481 2007 sol,
1506 1955 1570 1993 sura
1598 1940 1756 1998 transisset
1783 1943 1864 2000 Plia-

194 2045 340 2124 nusl²⁶⁴).
383 2043 427 2108 Et
447 2046 680 2131 sequitur²⁶⁵):
704 2051 836 2107 Elsaans
857 2059 954 2108 autem
975 2053 1073 2108 oculos
1094 2051 1170 2109 uidit
1191 2051 1353 2108 uenientem
1376 2053 1459 2108 Esau
1482 2059 1540 2112 etc.
1578 2049 1665 2114 Ecce
1685 2050 1758 2116 loca
1779 2063 1865 2136 nom,

194 2159 251 2226 ubi
276 2161 365 2225 uenit
394 2160 437 2224 ad
459 2183 531 2224 eum
552 2160 650 2225 Esau.
693 2161 764 2242 Qus
793 2173 866 2226 sunt
886 2163 1016 2227 omnino
1049 2163 1157 2226 uicina
1186 2163 1286 2227 monti
1307 2163 1361 2226 isti
1381 2162 1479 2247 Seyr,
1506 2164 1562 2248 qui
1584 2173 1633 2229 est
1655 2188 1754 2252 supra
1776 2190 1867 2234 mare

195 2275 331 2342 Galilee.
354 2359 356 2363 y

319 2408 381 2473 Est
402 2408 508 2473 adhue
529 2410 649 2473 tercius
671 2433 761 2474 mons
780 2414 856 2490 seyr
878 2412 912 2475 in
935 2409 1052 2475 finibus
1065 2410 1161 2475 Azoti
1181 2419 1212 2474 et
1228 2409 1398 2490 Ascalone,
1421 2412 1474 2497 qui
1497 2414 1676 2497 asscriptus
1690 2414 1751 2478 fuit
1765 2416 1866 2481 tribui
1886 2435 1917 2486 16

195 2524 345 2603 ludant)
366 2527 400 2588 in
422 2525 646 2590 distributione
667 2536 762 2607 terre,
785 2527 842 2590 sed
858 2527 995 2614 qualiter
1012 2530 1060 2591 sic
1078 2528 1118 2590 sit
1139 2527 1254 2608 dictus,
1275 2549 1340 2591 non
1361 2526 1468 2590 recolo
1490 2549 1541 2590 me
1562 2527 1689 2612 legisse.
1729 2530 1866 2597 Habita·

196 2653 282 2706 tores
311 2653 419 2705 tamen
442 2641 506 2705 loci
532 2640 619 2706 illius
641 2642 779 2707 Ydumei
807 2644 884 2708 dicti
913 2656 1001 2723 sunt,
1036 2645 1119 2707 sieut
1140 2653 1171 2706 et
1192 2641 1248 2706 alii
1271 2644 1391 2728 posteri
1414 2641 1503 2706 Esau
1531 2643 1573 2707 ab
1596 2644 1702 2709 Edem
1726 2646 1867 2712 Ydumei

198 2755 397 2822 dicebantur.
441 2757 536 2821 Unde
558 2758 730 2844 Antipater
751 2771 783 2823 et
803 2759 887 2823 filius
909 2761 976 2822 eius
997 2758 1147 2824 Herodes
1169 2757 1359 2822 Ascalonita
1382 2757 1590 2837 Ydumei²⁰p
1612 2760 1813 2827 dicebantur.

318 2888 362 2952 Et
383 2890 442 2954 hec
465 2890 505 2953 dc
526 2890 587 2953 hac
608 2892 745 2954 materia
768 2889 855 2954 dicta
878 2890 1049 2955 sufficiant.

320 3020 528 3087 Terminatur
550 3033 656 3086 autem
680 3045 771 3087 mons
791 3024 851 3087 iste
873 3026 905 3086 in
928 3032 1014 3087 sorte
1034 3021 1138 3087 tribus
1161 3021 1235 3086 Gad
1249 3022 1317 3103 ²⁰⁸),
1339 3023 1374 3086 in
1392 3031 1501 3087 monte
1524 3022 1664 3106 Galaad,
1687 3036 1800 3090 contra
1821 3025 1866 3092 lo·

196 3158 268 3202 cum
295 3136 400 3219 illum,
429 3137 485 3202 ubi
512 3161 576 3202 non
605 3137 699 3223 longe
726 3162 745 3202 a
772 3137 935 3203 montibus
959 3138 1083 3205 Golboe
1112 3141 1205 3203 iuxta
1227 3139 1390 3202 ciuitatem
1414 3136 1556 3204 Bethsan
1577 3139 1725 3205 Iordanis
1748 3142 1865 3207 fluuius

196 3276 285 3318 mare
308 3252 433 3320 Galilee
455 3254 626 3341 egreditur.
669 3254 712 3318 Et
736 3255 889 3343 deinceps
909 3255 998 3320 littus
1019 3254 1169 3319 Iordanis
1191 3251 1347 3320 orientale
1369 3263 1418 3318 est
1439 3252 1575 3318 duarum
1598 3255 1740 3321 tribuum
1763 3268 1794 3322 ct
1817 3259 1864 3323 di-

197 3370 295 3435 midie
315 3393 417 3457 usque
439 3370 480 3434 ad
503 3373 698 3456 campestria
719 3371 817 3435 Moab
846 3371 937 3450 subs)
959 3379 1066 3436 moute
1087 3370 1224 3435 Abarim
1237 3372 1295 3448 1111)
1324 3370 1357 3434 in
1380 3369 1573 3446 Sethim²⁷n
1594 3384 1707 3437 contra
1727 3373 1865 3440 Iericho.

196 3485 290 3551 Ultra
312 3485 389 3552 uero
412 3497 523 3552 contra
547 3496 692 3550 austrum
714 3487 918 3573 procedendo
946 3489 980 3550 in
1001 3485 1143 3565 littored)
1165 3486 1278 3552 eodem
1300 3485 1450 3551 Iordanis
1477 3497 1525 3549 est
1546 3499 1634 3550 terra
1655 3493 1746 3551 Moab
1766 3512 1867 3574 usque

195 3603 237 3667 ad
256 3603 388 3667 Petram
413 3603 549 3684 deserti,
579 3624 640 3688 que
660 3625 744 3666 nunc
775 3602 887 3668 Krach
909 3602 1036 3669 dicitur.
1079 3604 1198 3667 Postea
1220 3625 1297 3688 pars
1327 3602 1465 3686 quedam
1486 3612 1570 3665 terre
1592 3601 1732 3669 Ammon
1759 3627 1866 3671 succe·

195 3717 253 3801 dit,
276 3718 430 3806 quamdiu
453 3717 549 3783 durat
570 3741 660 3782 mare
681 3728 858 3801 mortuum,
881 3729 913 3783 et
935 3720 981 3782 sic
1004 3720 1150 3794 circuit⁰l
1172 3716 1261 3782 littus
1283 3719 1351 3782 eius
1375 3715 1516 3781 austiule
1537 3720 1705 3804 usquead
1725 3731 1868 3787 montem

194 3834 294 3921 Seyr,
317 3839 370 3922 qui
394 3836 582 3899 coniunctus
614 3845 662 3899 est
688 3835 815 3899 deserto
837 3835 968 3899 Pharan
995 3836 1087 3900 iuxta
1109 3833 1216 3900 Gades
1238 3834 1362 3915 Barna,
1386 3832 1509 3898 habens
1539 3856 1559 3896 a
1581 3834 1682 3900 latere
1704 3835 1867 3904 desertum

195 3949 298 4036 Sinay
318 3964 350 4016 et
371 3974 461 4016 mare
482 3950 622 4016 rubrum.

262 4168 289 4231 a)
308 4183 433 4233 raaaopm
451 4164 490 4219 St.
508 4197 541 4207 -
558 4164 586 4233 1))
600 4174 791 4234 processerant
804 4164 844 4221 St.
863 4198 895 4207 —
913 4171 939 4234 θ)
957 4183 998 4220 me
1015 4166 1082 4218 asab
1102 4163 1140 4218 St.
1159 4194 1192 4202 -
1208 4162 1237 4231 d)
1257 4164 1287 4215 ia
1304 4163 1396 4216 littore
1413 4179 1465 4216 om.
1480 4162 1529 4231 St,
1547 4163 1632 4219 habet
1650 4164 1676 4219 h.
1696 4196 1727 4206 —
1747 4168 1772 4237 θ)
1790 4184 1866 4221 erea-

327 4249 371 4301 uir
387 4248 427 4303 St.
445 4251 545 4303 circuit
561 4248 585 4301 b.

257 4454 328 4527 257)
350 4452 568 4529 Scythopotsos]
590 4452 636 4513 Cf.
658 4475 685 4512 v.
708 4452 836 4511 Raumer
857 4473 885 4531 p.
912 4456 977 4512 131.
1115 4452 1185 4520 265)
1208 4451 1248 4506 Et
1270 4450 1411 4525 seqnitur}
1434 4448 1510 4512 Gen.
1532 4450 1688 4512 XXXIII.
1715 4460 1739 4514 l.

258 4552 330 4624 258)
352 4560 396 4609 est
418 4555 505 4611 ualde
527 4574 608 4611 mous
622 4552 797 4628 alinsSeyr]
819 4569 911 4630 prope
928 4571 1009 4610 mon·
1115 4549 1186 4620 266)
1208 4547 1284 4623 Seyr
1304 4581 1343 4590 —
1366 4549 1454 4623 Iuda!
1478 4547 1523 4607 Ol.
1544 4568 1571 4606 v.
1582 4548 1712 4610 Raumer
1729 4573 1757 4630 p.
1772 4556 1811 4613 98
1825 4572 1869 4633 sq.

192 4656 253 4710 tem
275 4646 399 4711 (laland.
1053 4647 1148 4706 Ritter
1168 4644 1255 4705 XIV.
1281 4650 1367 4707 lost.
1410 4646 1447 4707 V.
1468 4648 1577 4706 Iosnae
1596 4647 1667 4712 XV,
1694 4655 1737 4709 10.

258 4769 330 4840 aso)
352 4766 474 4824 ascitur
498 4767 571 4824 enam
596 4766 719 4826 nenas.-
740 4766 882 4841 arnan]
907 4787 934 4824 v.
957 4769 982 4824 a.
1115 4748 1187 4816 267)
1207 4746 1383 4804 Ascalonita-
1400 4746 1530 4821 Ydumet
1553 4745 1609 4805 Eat
1623 4746 1679 4805 110⁰
1694 4767 1802 4808 ”0111011
1816 4749 1871 4830 dr·

255 4884 327 4954 250)
349 4877 544 4957 psapamym]
572 4902 673 4941 ,ecem
704 4880 827 4952 Maneh¹
856 4888 887 4937 u,
912 4881 1010 4952 semu,
1053 4844 1164 4903 nastiae
1185 4864 1207 4902 s.
1231 4843 1360 4903 familiae
1381 4864 1491 4922 regum,
1514 4847 1555 4902 ita
1574 4844 1754 4905 utHerodes
1769 4868 1869 4927 quam·

193 4979 232 5038 gd
255 4978 345 5040 Wadi
367 4979 470 5041 sem·
522 4980 558 5039 V¹
582 5002 607 5039 v·
631 4980 760 5039 Raume,
781 5000 808 5058 p·
830 4983 897 5049 221'
917 4978 1012 5038 ΒΜΓ
1052 4945 1097 5002 vis
1118 4943 1266 5001 Ascalone
1288 4944 1427 5003 oriundus
1448 4943 1607 5002 Idumueus
1627 4943 1685 5002 dici
1705 4955 1813 5025 posset.

192 5075 254 5135 xv
276 5081 329 5153 (2).
354 5084 440 5140 1003·
465 5083 551 5139 1039*
1116 5045 1188 5113 268)
1210 5049 1289 5099 sorte
1305 5043 1399 5100 tribas
1418 5042 1497 5116 Gasss
1520 5041 1557 5101 V.
1573 5063 1601 5102 v.
1617 5042 1745 5104 Raumer
1757 5067 1786 5126 p.
1801 5052 1869 5109 211,

254 5195 423 5267 1111111111
446 5203 473 5253 ⁶²
496 5195 590 5270 infra]
622 5191 698 5252 nen.
719 5193 858 5254 XXXII.
883 5199 1010 5256 13—16.
1115 5139 1340 5214 1191111111]
1379 5159 1457 5199 ”¹¹⁰⁰
1483 5139 1679 5218 Urukffliie.
1715 5143 1870 5223 Tsrfnjen

1057 5236 1241 5300 Gbuweiteh.
1272 5235 1308 5298 V.
1330 5259 1357 5296 v.
1370 5237 1498 5297 Raumer
1513 5259 1541 5318 p.
1559 5242 1596 5300 62
1612 5249 1671 5301 not.
1694 5247 1759 5305 166.
1789 5243 1868 5304 Van·

256 5310 327 5381 262)
350 5311 391 5367 Et
418 5310 528 5368 dicitur
547 5308 595 5385 its]
624 5305 698 5370 Gen.
719 5308 857 5369 XXXII.
880 5312 1011 5383 21-24,
1054 5337 1180 5399 devefflfi
1201 5336 1261 5396 tab·
1285 5356 1307 5395 ,⁸
1330 5340 1356 5396 g,

192 5404 247 5466 11111
264 5426 326 5466 11011
346 5408 419 5487 111118
436 5408 543 5468 11111111·
1115 5441 1186 5511 276)
1207 5436 1238 5493 ia
1255 5434 1372 5509 sertim]
1390 5435 1617 5511 Arbotb·Moab,
1639 5437 1770 5514 Arabnh,
1791 5439 1869 5499 Abel

256 5526 328 5598 263)
348 5533 377 5581 et
399 5533 506 5585 cetera.
539 5527 579 5583 Et
600 5524 694 5600 infra]
717 5522 792 5583 Gen.
807 5525 946 5585 XXXII·
962 5531 1009 5588 30·
1052 5535 1306 5605 bench—Schinim,
1328 5533 1409 5593 locus
1430 5535 1606 5597 acacianum.
1639 5535 1676 5598 V.
1700 5538 1795 5598 Ritter
1807 5536 1870 5597 XV

256 5640 327 5711 261)
354 5638 703 5717 ortusque-Phanuel]
718 5638 792 5703 Gen.
808 5640 947 5701 XXXII.
961 5648 1008 5703 31.
1052 5639 1102 5710 (l).
1130 5641 1196 5696 145.
1219 5638 1294 5708 4823
1316 5655 1343 5691 v.
1366 5632 1494 5693 Raumsr
1515 5656 1542 5715 p.
1566 5639 1634 5698 233.

1616 5765 1653 5817 6-
