4214 6096
320 879 403 946 Cum
425 879 566 945 fuissem
589 880 624 943 in
645 877 773 963 palatio
795 876 946 958 soldani,
970 877 1061 964 qnod
1083 896 1127 940 ex
1149 875 1276 960 ingenti
1298 884 1460 939 structura
1483 884 1516 938 et
1538 871 1641 938 nobili
1665 891 1745 937 con·
1778 875 1831 937 56.

182 1017 344 1074 structum
369 1016 434 1086 est,
456 1003 549 1070 uolui
566 1005 680 1070 uidere
695 1003 905 1072 Ghnstisnos
923 1003 1076 1087 captiuos
1094 1003 1128 1065 in
1148 1000 1247 1066 louea
1260 999 1412 1081 Solimi,
1434 1000 1524 1088 quod
1547 1011 1602 1065 est
1623 1019 1746 1080 carcer,

184 1135 246 1198 sed
276 1133 404 1198 ductori
434 1152 510 1196 meo
540 1133 650 1196 uisum
679 1140 735 1194 est
762 1150 830 1194 non
859 1149 941 1194 essu
969 1126 1166 1193 consultum.
1217 1126 1302 1193 Cum
1336 1136 1444 1191 tamen
1477 1146 1544 1192 non
1579 1127 1745 1206 auderem,
1778 1127 1832 1191 57.

183 1259 301 1342 accepi
323 1256 451 1322 litteras
474 1277 587 1322 eorum
609 1267 644 1320 et
666 1256 732 1340 ipsi
754 1275 850 1320 meas
872 1275 931 1338 per
953 1253 1189 1320 internuncios.
1223 1251 1266 1316 Et
1281 1252 1415 1336 quidam
1433 1250 1528 1316 miles
1551 1252 1594 1316 rle
1610 1250 1745 1316 Sweuis
1777 1254 1830 1316 58.

182 1383 273 1448 nisit
295 1381 375 1446 mihi
399 1380 578 1446 bursam¹⁴⁴
599 1382 733 1465 propris
754 1402 853 1446 manu
876 1379 997 1446 laetam
1019 1380 1062 1444 de
1083 1378 1185 1445 foues
1207 1377 1357 1444 Solrlani.
1404 1379 1480 1443 Uidi
1503 1380 1609 1444 eciem
1633 1378 1745 1463 plures
1777 1383 1831 1442 511.

180 1528 241 1593 per
263 1508 431 1574 ciuitatem
449 1507 658 1574 Christianos
680 1509 835 1592 captiuos
857 1518 891 1571 et
906 1504 1123 1585 Teutonicos,
1146 1504 1268 1590 quihus
1290 1515 1400 1569 tamen
1422 1503 1539 1568 timore
1561 1505 1630 1568 uite
1652 1502 1744 1588 loqui

183 1654 251 1699 non
274 1632 448 1699 audebam.
491 1631 570 1697 Didi
592 1632 639 1696 ibi
660 1633 824 1718 quenrhm
847 1633 1016 1716 captiuum
1039 1632 1081 1696 rle
1105 1628 1356 1716 Weriugerothe
1369 1628 1407 1666 ¹⁴⁵
1428 1642 1463 1694 et
1484 1629 1620 1694 militem
1642 1651 1742 1694 unum
1774 1634 1829 1697 611.

180 1760 224 1825 rle
246 1757 544 1844 Quedlingeborgh
557 1755 606 1840 ¹⁴⁸,
629 1760 687 1844 qui
708 1758 891 1825 uocabatur
911 1756 1093 1823 lohannes.
1139 1755 1182 1820 Et
1204 1755 1261 1820 ille
1282 1754 1364 1820 mihi
1385 1757 1477 1821 misit
1497 1755 1641 1820 bursam.
1774 1759 1827 1820 ul.

313 1885 502 1949 Notandum
531 1885 655 1965 eciam,
684 1884 775 1969 quod
803 1884 837 1947 iu
867 1881 1037 1949 Damasco
1066 1894 1099 1946 et
1128 1882 1215 1966 apud
1243 1880 1444 1946 Damascum
1474 1879 1621 1968 quelibet
1649 1881 1740 1945 natio
1773 1886 1827 1949 61.

179 2008 284 2075 libere
305 2009 414 2095 legem
437 2030 533 2074 snam
558 2007 650 2074 colit.
696 2009 731 2073 ln
755 2030 795 2073 ea
818 2011 924 2073 eciam
946 2007 1059 2092 plures
1083 2020 1161 2073 suut
1183 2007 1330 2073 ecclesie
1353 2007 1622 2074 Christianomm.
1772 2009 1826 2073 63.

292 2153 398 2223 lv.
442 2152 506 2217 Est
533 2163 644 2218 antem
666 2151 856 2218 Damascus
886 2154 919 2217 in
943 2152 1112 2233 Ydumea,
1141 2152 1204 2217 serl
1233 2163 1285 2216 est
1312 2152 1505 2237 metropolis
1533 2151 1641 2238 Syrie.
1686 2151 1740 2217 Ab
1775 2161 1803 2222 1.
1839 2160 1871 2221 t.

178 2278 241 2344 hac
262 2289 371 2343 antem
400 2279 535 2344 ciuitate
560 2280 605 2344 ad
633 2300 734 2343 unum
764 2280 857 2364 inger
870 2277 908 2315 ¹⁴²
930 2289 984 2344 est
1012 2276 1080 2344 alia
1108 2278 1248 2363 quedam
1279 2278 1400 2344 ciuitas
1429 2279 1511 2359 sita,
1540 2276 1676 2362 pulchra
1705 2290 1739 2341 et

177 2403 314 2487 nobilis,
338 2425 402 2490 qne
425 2417 565 2471 uocatur
587 2405 724 2471 Salaeth
738 2403 785 2468 ¹⁴⁸.

294 2532 392 2596 ‘ltem
411 2534 443 2596 iu
460 2531 613 2598 leumffl
628 2542 682 2597 est
698 2543 782 2596 terra
799 2531 870 2595 llus
883 2529 931 2611 ¹⁴⁹,
951 2530 1037 2596 nude
1054 2530 1118 2595 luit
1136 2530 1253 2594 heatus
1267 2529 1342 2596 iob.
1378 2529 1483 2596 Cuius
1502 2531 1642 2617 quedam
1660 2550 1736 2615 pars
1768 2539 1801 2602 3,
1836 2543 1867 2602 s,

176 2655 302 2722 Suetha
315 2655 354 2694 ¹⁵⁰
364 2658 492 2739 dieitur,
505 2661 538 2722 in
550 2669 682 2743 quaest
693 2656 839 2724 Theman
853 2657 890 2695 ¹⁵¹
901 2657 1107 2743 monopolis,
1123 2679 1165 2723 es
1177 2677 1242 2745 qua
1255 2657 1386 2742 Eliphat
1399 2655 1436 2696 ¹⁵²
1446 2657 1669 2724 Themanites.
1700 2659 1736 2722 lu
1770 2668 1801 2725 5.

176 2802 241 2870 qua
261 2784 365 2848 eciam
381 2784 573 2850 Naaman¹⁵³
584 2787 754 2872 oppidum,
773 2808 793 2851 a
812 2807 879 2872 qno
896 2785 1072 2870 Sophar¹⁵‘
1082 2786 1298 2851 Naamatites.
1322 2783 1390 2868 Qui
1402 2784 1535 2850 fuerunt
1551 2785 1648 2850 amici
1659 2784 1734 2850 Joh.
1767 2788 1799 2848 6.

311 2910 394 2976 Cum
417 2923 526 2976 antem
550 2911 690 2978 fuissem
714 2913 746 2977 in
770 2911 936 2977 Damasco
959 2913 1136 2993 scabies,
1166 2911 1233 2977 abii
1262 2922 1297 2976 et
1325 2912 1463 2976 transiui
1493 2915 1579 2977 duos
1609 2911 1735 2977 tluuios
1767 2890 1803 2974 7.

176 3031 276 3119 Syrie
299 3045 332 3098 et
354 3034 525 3119 Damasci,
549 3037 736 3104 Hahana¹⁵⁵
757 3048 792 3102 et
815 3036 985 3122 Pharphar
998 3036 1046 3119 ¹³⁶,
1074 3050 1109 3102 et
1130 3038 1177 3102 iui
1201 3057 1320 3102 uersus
1342 3049 1486 3102 montem
1509 3036 1653 3123 seyr¹⁵²‚
1677 3037 1733 3103 uhi

175 3179 283 3244 ycona
296 3158 334 3198 ¹⁵⁸
356 3159 453 3226 heate
473 3163 614 3248 uirginis
638 3163 741 3230 blarie
763 3175 815 3228 est
836 3164 1014 3229 incarnata.
1062 3163 1185 3228 blosius
1208 3163 1441 3228 incarnationis
1465 3162 1521 3227 hic
1543 3176 1605 3228 est.
1765 3165 1796 3226 8.
1861 3228 1867 3239 ,

283 3432 349 3501 ur)
368 3430 484 3502 rom]
503 3450 664 3488 mmm
702 3437 869 3489 vomuntur·
887 3434 978 3489 tuae
995 3453 1012 3487 ι
1031 3438 1137 3490 enno
1154 3419 1265 3510 βύρσα,
1284 3439 1392 3504 votare,
1418 3438 1520 3492 denen
1538 3441 1648 3493 nram
1666 3459 1688 3493 e
1708 3457 1732 3492 v.

174 3537 346 3606 bonapbi.
374 3541 524 3594 Damascus
543 3544 695 3596 etiamnunc
712 3546 795 3598 rehns
813 3561 830 3596 e
846 3547 923 3598 corio
941 3545 1075 3598 1111111111
1091 3546 1191 3598 nobilis
1210 3553 1265 3599 est:
1286 3547 1338 3599 rid.
1356 3549 1449 3601 Ritter
1458 3548 1536 3601 XVll
1550 3548 1596 3616 (1)
1612 3547 1734 3601 tant.-

175 3643 241 3712 145)
264 3645 464 3716 Werinqoeotie]
483 3650 684 3716 wer-nigeroda
703 3678 739 3690 -
759 3650 824 3719 146)
844 3650 1079 3720 Qudliayebuyi]
1099 3650 1296 3721 onedttnnurgi
1316 3671 1388 3708 enno
1407 3653 1476 3708 tuor
1494 3653 1646 3723 Philinum,
1666 3657 1733 3708 Ger-

172 3755 279 3809 maniae
297 3755 458 3822 Imperator,
485 3758 586 3809 curiam
606 3754 747 3824 habuerat,
773 3761 799 3812 in
819 3776 872 3828 qus
889 3760 1006 3813 collecta
1024 3775 1073 3826 pro
1093 3766 1168 3812 terra
1185 3763 1324 3814 mortain
1342 3763 1549 3830 quinquennium
1567 3762 1735 3816 instituenda

172 3836 280 3914 6111111
299 3870 365 3915 erat
394 3863 455 3917 Vid.
475 3865 595 3918 bionum.
614 3868 705 3918 Germ.
724 3875 744 3919 t
763 3868 810 3932 lv,
830 3868 920 3934 legum
940 3875 959 3918 t
977 3868 1003 3918 ll
1022 3884 1048 3934 p.
1067 3865 1129 3920 805.
1158 3868 1282 3920 Ceterum
1301 3867 1406 3921 exhor
1425 3870 1487 3922 loco
1506 3839 1652 3924 intestini
1671 3880 1733 3938 pot·

172 3970 235 4035 erit,
261 3968 449 4024 Thietmsrum
478 3981 506 4026 et
532 3975 693 4027 Germanum
722 3975 817 4041 luisse,
846 3982 874 4028 et
901 3978 1090 4042 spectatiorem
1118 3975 1248 4041 quendam
1274 3975 1511 4044 honestioremque
1538 3978 1673 4031 clericum.
1698 4008 1734 4018 -

174 4075 242 4145 147)
261 4079 344 4148 isser]
363 4082 491 4134 Formam
510 4079 580 4136 hane
601 4085 722 4151 quamvis
745 4083 854 4137 dubiam
873 4085 900 4136 in
918 4084 1037 4152 seyen
1054 4092 1158 4136 mutare
1175 4101 1228 4137 non
1247 4100 1330 4138 snsns
1349 4099 1418 4150 sum,
1442 4099 1523 4151 quum
1542 4094 1632 4138 exstet
1650 4087 1733 4138 Geni-

171 4186 242 4238 tirns
259 4186 364 4254 ispani.
382 4217 419 4226 -
439 4187 504 4255 146)
521 4188 642 4259 Suluetl]
659 4206 729 4244 nuuc
746 4188 901 4257 Silehiyeh,
921 4191 1077 4244 suburbium
1095 4193 1229 4246 Damasei.
1266 4192 1327 4247 vid.
1346 4191 1439 4246 Ritter
1456 4193 1533 4246 XVll
1550 4193 1595 4263 (6)
1618 4192 1686 4249 1307
1704 4204 1733 4247 et

172 4289 304 4346 1411-
325 4292 390 4364 149)
410 4294 482 4363 Hor]
502 4298 550 4349 Cir
566 4299 665 4351 Jobum
683 4299 697 4351 1
717 4298 741 4351 l.
760 4297 862 4352 Threu.
875 4299 913 4351 1v
931 4298 977 4353 il.
995 4330 1030 4340 —
1052 4298 1117 4367 1511)
1136 4299 1247 4369 Sertis]
1265 4298 1351 4367 Seth,
1370 4317 1440 4353 nnuc
1458 4303 1576 4355 tortasse
1595 4299 1730 4368 Ssyhhsn,

169 4404 201 4450 nt
218 4402 336 4455 coniecit
354 4403 505 4456 mouetur
525 4422 551 4473 p.
567 4403 627 4460 161.
665 4406 720 4461 Sed
741 4405 793 4458 rid.
812 4406 904 4459 Ritter
920 4407 971 4459 XV
991 4406 1037 4474 (Ι)
1058 4406 1118 4461 121.
1136 4437 1173 4446 -
1192 4407 1257 4477 151)
1279 4408 1408 4477 Thoen]
1428 4410 1488 4462 vid.
1507 4411 1598 4463 liitter
1616 4411 1633 4461 l.
1653 4426 1677 4461 c
1694 4439 1732 4450 -

171 4504 238 4576 151)
248 4507 371 4580 Eliplot]
384 4508 509 4579 Eliphas,
527 4514 591 4567 Job.
604 4514 629 4567 ll
650 4514 689 4567 ΙΙ.
700 4542 736 4552 -
748 4511 813 4582 153)
823 4513 959 4582 nm]
970 4515 1081 4567 Nnema.
1105 4514 1167 4568 viu
1175 4516 1266 4570 Ritter
1281 4516 1606 4589 1.111.-154)8φ111]
1621 4513 1732 4584 Zopbnr

170 4614 242 4684 npntl
258 4618 356 4671 Johum
376 4619 403 4671 11
423 4618 465 4672 ll.
483 4649 519 4659 -
541 4621 605 4690 155)
626 4621 750 4689 Hnbsnn]
769 4623 873 4688 Abona,
891 4626 1004 4689 Ammn,
1030 4638 1108 4691 quem
1133 4639 1204 4676 nuuc
1221 4624 1324 4677 iontem
1342 4622 1479 4678 Fidseheh
1498 4642 1560 4678 esse
1577 4625 1732 4692 suspicatur

170 4722 285 4776 Carolus
302 4725 438 4794 liitterus,
465 4730 510 4794 qni
536 4731 564 4782 in
590 4729 677 4784 literis
701 4728 736 4782 nd
761 4745 804 4783 me
827 4726 1019 4784 humanissime
1042 4732 1133 4785 missis
1157 4733 1225 4784 citat
1241 4732 1370 4786 Pocoekii
1389 4732 1598 4800 descriptionem
1618 4734 1730 4787 orientis

169 4830 221 4881 rol.
239 4830 266 4882 ll
284 4848 310 4898 p.
332 4829 385 4886 198
409 4835 640 4902 interpretationis
658 4814 780 4904 lireysri.
806 4866 841 4877 —
869 4836 935 4906 156)
956 4836 1112 4910 Pharphar]
1138 4854 1208 4893 nunc
1226 4839 1371 4903 hseds0h3
1399 4840 1452 4893 riu
1477 4841 1570 4892 Ritter
1587 4840 1665 4894 xvll
1684 4839 1729 4908 (2)

170 4934 240 4991 1316
258 4956 297 5006 sq.
324 4970 359 4979 —
388 4939 453 5009 157)
472 4941 551 5013 seyr]
571 4945 705 4999 ilenricus
723 4947 868 5015 Kiepertus
894 4949 921 5000 in
945 4949 1063 5016 epistole
1087 4948 1122 5000 ad
1145 4965 1190 5003 me
1207 4947 1271 5003 deta
1288 4947 1475 5004 Thietmsrum
1501 4951 1604 5004 recenti
1623 4952 1731 5005 nornine

166 5044 280 5120 Siesby,
299 5065 353 5116 quo
371 5056 481 5102 vocetur
500 5051 684 5118 Antilibanus,
701 5052 760 5106 11111
779 5069 808 5106 se
826 5068 935 5121 pessum
954 5069 1016 5108 esse
1034 5057 1213 5110 coniecit-
1234 5055 1299 5125 156)
1315 5058 1409 5128 ms]
1431 5031 1530 5103 1111111·
