<?xml version="1.0" encoding="UTF-8"?>
<!DOCTYPE html PUBLIC "-//W3C//DTD XHTML 1.0 Transitional//EN"
    "http://www.w3.org/TR/xhtml1/DTD/xhtml1-transitional.dtd">
<html xmlns="http://www.w3.org/1999/xhtml" xml:lang="en" lang="en">
 <head>
  <title>
</title>
<meta http-equiv="Content-Type" content="text/html;charset=utf-8" />
  <meta name='ocr-system' content='tesseract 3.04.00' />
  <meta name='ocr-capabilities' content='ocr_page ocr_carea ocr_par ocr_line ocrx_word'/>
</head>
<body>
  <div class='ocr_page' id='page_1' title='image "./peregrinatoresm00peregoog_0033.png"; bbox 0 0 4214 6096; ppageno 0'>
   <div class='ocr_carea' id='block_1_1' title="bbox 1137 349 1176 413">
    <p class='ocr_par' dir='ltr' id='par_1_1' title="bbox 1137 349 1176 413">
     <span class='ocr_line' id='line_1_1' title="bbox 1137 349 1176 413; baseline 0.128 -5"><span class='ocrx_word' id='word_1_1' title='bbox 1137 349 1176 413; x_wconf 84' lang='grc'><strong>18</strong></span> 
     </span>
    </p>
   </div>
   <div class='ocr_carea' id='block_1_2' title="bbox 315 525 1994 729">
    <p class='ocr_par' dir='ltr' id='par_1_2' title="bbox 315 525 1994 729">
     <span class='ocr_line' id='line_1_2' title="bbox 317 525 1994 613; baseline 0 -21"><span class='ocrx_word' id='word_1_2' title='bbox 317 525 395 592; x_wconf 90' lang='lat' dir='ltr'><strong>mihi</strong></span> <span class='ocrx_word' id='word_1_3' title='bbox 418 525 532 608; x_wconf 82' lang='lat' dir='ltr'><strong>erede,</strong></span> <span class='ocrx_word' id='word_1_4' title='bbox 555 548 576 591; x_wconf 90' lang='lat' dir='ltr'><strong>a</strong></span> <span class='ocrx_word' id='word_1_5' title='bbox 589 525 799 592; x_wconf 84' lang='lat' dir='ltr'><strong>Beckmanno</strong></span> <span class='ocrx_word' id='word_1_6' title='bbox 820 525 982 602; x_wconf 77' lang='lat' dir='ltr'><strong>Clerico*)</strong></span> <span class='ocrx_word' id='word_1_7' title='bbox 1009 525 1082 591; x_wconf 84' lang='lat' dir='ltr'><strong>aliis</strong></span> <span class='ocrx_word' id='word_1_8' title='bbox 1104 536 1260 611; x_wconf 88' lang='lat' dir='ltr'><strong>tanquam</strong></span> <span class='ocrx_word' id='word_1_9' title='bbox 1282 527 1394 612; x_wconf 88' lang='lat' dir='ltr'><strong>spuria</strong></span> <span class='ocrx_word' id='word_1_10' title='bbox 1415 536 1447 590; x_wconf 90' lang='lat' dir='ltr'><strong>et</strong></span> <span class='ocrx_word' id='word_1_11' title='bbox 1470 525 1666 613; x_wconf 87' lang='lat' dir='ltr'><strong>interpolata</strong></span> <span class='ocrx_word' id='word_1_12' title='bbox 1685 525 1890 612; x_wconf 88' lang='lat' dir='ltr'><strong>repudiatur.</strong></span> <span class='ocrx_word' id='word_1_13' title='bbox 1931 526 1994 592; x_wconf 88' lang='lat' dir='ltr'><strong>Est</strong></span> 
     </span>
     <span class='ocr_line' id='line_1_3' title="bbox 315 641 1990 729; baseline 0.001 -22"><span class='ocrx_word' id='word_1_14' title='bbox 315 645 399 707; x_wconf 90' lang='lat' dir='ltr'><strong>enim</strong></span> <span class='ocrx_word' id='word_1_15' title='bbox 430 664 494 707; x_wconf 92' lang='lat' dir='ltr'><strong>non</strong></span> <span class='ocrx_word' id='word_1_16' title='bbox 521 642 616 729; x_wconf 82' lang='lat' dir='ltr'><strong>parvi</strong></span> <span class='ocrx_word' id='word_1_17' title='bbox 643 643 811 724; x_wconf 84' lang='lat' dir='ltr'>momenti,</span> <span class='ocrx_word' id='word_1_18' title='bbox 847 643 876 707; x_wconf 90' lang='lat' dir='ltr'><strong>si</strong></span> <span class='ocrx_word' id='word_1_19' title='bbox 905 651 1031 729; x_wconf 86' lang='lat' dir='ltr'><strong>spectes</strong></span> <span class='ocrx_word' id='word_1_20' title='bbox 1053 642 1199 707; x_wconf 81' lang='lat' dir='ltr'><strong>criticam</strong></span> <span class='ocrx_word' id='word_1_21' title='bbox 1219 650 1329 707; x_wconf 85' lang='lat' dir='ltr'><strong>textus</strong></span> <span class='ocrx_word' id='word_1_22' title='bbox 1350 643 1523 723; x_wconf 88' lang='lat' dir='ltr'><strong>rationem,</strong></span> <span class='ocrx_word' id='word_1_23' title='bbox 1553 652 1586 707; x_wconf 88' lang='lat' dir='ltr'><strong>et</strong></span> <span class='ocrx_word' id='word_1_24' title='bbox 1608 641 1650 706; x_wconf 94' lang='lat' dir='ltr'><strong>ab</strong></span> <span class='ocrx_word' id='word_1_25' title='bbox 1677 643 1783 728; x_wconf 92' lang='lat' dir='ltr'><strong>ipsius</strong></span> <span class='ocrx_word' id='word_1_26' title='bbox 1804 641 1990 708; x_wconf 86' lang='lat' dir='ltr'><strong>Burcbardi</strong></span> 
     </span>
    </p>
   </div>
   <div class='ocr_carea' id='block_1_3' title="bbox 314 766 1756 959">
    <p class='ocr_par' dir='ltr' id='par_1_3' title="bbox 314 766 1756 959">
     <span class='ocr_line' id='line_1_4' title="bbox 314 766 512 823; baseline 0.01 -2"><span class='ocrx_word' id='word_1_27' title='bbox 314 780 410 822; x_wconf 92' lang='lat' dir='ltr'><strong>manu</strong></span> <span class='ocrx_word' id='word_1_28' title='bbox 431 766 512 823; x_wconf 86' lang='lat' dir='ltr'><strong>orta.</strong></span> 
     </span>
     <span class='ocr_line' id='line_1_5' title="bbox 436 870 1756 959; baseline 0.002 -23"><span class='ocrx_word' id='word_1_29' title='bbox 436 872 512 937; x_wconf 86' lang='lat' dir='ltr'><strong>Mea</strong></span> <span class='ocrx_word' id='word_1_30' title='bbox 533 874 633 959; x_wconf 85' lang='lat' dir='ltr'><strong>igitur</strong></span> <span class='ocrx_word' id='word_1_31' title='bbox 655 874 815 939; x_wconf 88' lang='lat' dir='ltr'><strong>sententia</strong></span> <span class='ocrx_word' id='word_1_32' title='bbox 837 875 884 937; x_wconf 90' lang='lat' dir='ltr'><strong>sic</strong></span> <span class='ocrx_word' id='word_1_33' title='bbox 905 870 1149 938; x_wconf 79' lang='lat' dir='ltr'><strong>constituendae</strong></span> <span class='ocrx_word' id='word_1_34' title='bbox 1172 882 1248 936; x_wconf 90' lang='lat' dir='ltr'><strong>sunt</strong></span> <span class='ocrx_word' id='word_1_35' title='bbox 1268 883 1405 958; x_wconf 87' lang='lat' dir='ltr'><strong>quatuor</strong></span> <span class='ocrx_word' id='word_1_36' title='bbox 1425 873 1602 939; x_wconf 81' lang='lat' dir='ltr'><strong>editionum</strong></span> <span class='ocrx_word' id='word_1_37' title='bbox 1621 874 1756 940; x_wconf 88' lang='lat' dir='ltr'><strong>classes:</strong></span> 
     </span>
    </p>
   </div>
   <div class='ocr_carea' id='block_1_4' title="bbox 397 986 1990 1421">
    <p class='ocr_par' dir='ltr' id='par_1_4' title="bbox 397 986 1558 1076">
     <span class='ocr_line' id='line_1_6' title="bbox 397 986 1558 1076; baseline -0.001 -22"><span class='ocrx_word' id='word_1_38' title='bbox 397 987 521 1054; x_wconf 78' lang='lat' dir='ltr'><strong>Classis</strong></span> <span class='ocrx_word' id='word_1_39' title='bbox 545 988 560 1053; x_wconf 97' lang='lat' dir='ltr'>I</span> <span class='ocrx_word' id='word_1_40' title='bbox 582 990 724 1054; x_wconf 91' lang='lat' dir='ltr'><strong>continet</strong></span> <span class='ocrx_word' id='word_1_41' title='bbox 745 988 919 1055; x_wconf 81' lang='lat' dir='ltr'><strong>editionem</strong></span> <span class='ocrx_word' id='word_1_42' title='bbox 939 989 1121 1076; x_wconf 90' lang='lat' dir='ltr'><strong>principem</strong></span> <span class='ocrx_word' id='word_1_43' title='bbox 1142 986 1348 1053; x_wconf 86' lang='lat' dir='ltr'><strong>lubecensem</strong></span> <span class='ocrx_word' id='word_1_44' title='bbox 1370 990 1446 1053; x_wconf 89' lang='lat' dir='ltr'><strong>anni</strong></span> <span class='ocrx_word' id='word_1_45' title='bbox 1472 994 1558 1056; x_wconf 85' lang='grc'><strong>1475.</strong></span> 
     </span>
    </p>

    <p class='ocr_par' dir='ltr' id='par_1_5' title="bbox 399 1102 1990 1421">
     <span class='ocr_line' id='line_1_7' title="bbox 399 1102 1990 1190; baseline 0 -19"><span class='ocrx_word' id='word_1_46' title='bbox 399 1102 525 1171; x_wconf 82' lang='lat' dir='ltr'><strong>Classis</strong></span> <span class='ocrx_word' id='word_1_47' title='bbox 554 1104 587 1169; x_wconf 95' lang='lat' dir='ltr'><strong>II</strong></span> <span class='ocrx_word' id='word_1_48' title='bbox 615 1103 771 1170; x_wconf 83' lang='lat' dir='ltr'><strong>editiones</strong></span> <span class='ocrx_word' id='word_1_49' title='bbox 798 1104 878 1170; x_wconf 88' lang='lat' dir='ltr'>XII:</span> <span class='ocrx_word' id='word_1_50' title='bbox 909 1102 1124 1169; x_wconf 80' lang='lat' dir='ltr'><strong>basileensem</strong></span> <span class='ocrx_word' id='word_1_51' title='bbox 1152 1104 1229 1167; x_wconf 86' lang='lat' dir='ltr'><strong>anni</strong></span> <span class='ocrx_word' id='word_1_52' title='bbox 1261 1108 1352 1186; x_wconf 83' lang='grc'><strong>1532,</strong></span> <span class='ocrx_word' id='word_1_53' title='bbox 1387 1106 1599 1190; x_wconf 84' lang='lat' dir='ltr'><strong>parisiensem</strong></span> <span class='ocrx_word' id='word_1_54' title='bbox 1627 1105 1771 1171; x_wconf 90' lang='lat' dir='ltr'><strong>eiusdem</strong></span> <span class='ocrx_word' id='word_1_55' title='bbox 1796 1105 1889 1188; x_wconf 86' lang='lat' dir='ltr'><strong>anni,</strong></span> <span class='ocrx_word' id='word_1_56' title='bbox 1920 1116 1990 1171; x_wconf 90' lang='lat' dir='ltr'><strong>ant·</strong></span> 
     </span>
     <span class='ocr_line' id='line_1_8' title="bbox 481 1219 1989 1307; baseline 0.005 -25"><span class='ocrx_word' id='word_1_57' title='bbox 481 1241 570 1306; x_wconf 89' lang='lat' dir='ltr'><strong>verp.</strong></span> <span class='ocrx_word' id='word_1_58' title='bbox 599 1244 627 1285; x_wconf 92' lang='lat' dir='ltr'><strong>a.</strong></span> <span class='ocrx_word' id='word_1_59' title='bbox 654 1226 749 1303; x_wconf 87' lang='grc'><strong>1536,</strong></span> <span class='ocrx_word' id='word_1_60' title='bbox 769 1219 861 1284; x_wconf 86' lang='lat' dir='ltr'><strong>basil</strong></span> <span class='ocrx_word' id='word_1_61' title='bbox 882 1242 911 1285; x_wconf 86' lang='lat' dir='ltr'><strong>a.</strong></span> <span class='ocrx_word' id='word_1_62' title='bbox 938 1226 1033 1302; x_wconf 88' lang='grc'><strong>1537,</strong></span> <span class='ocrx_word' id='word_1_63' title='bbox 1063 1221 1163 1306; x_wconf 86' lang='lat' dir='ltr'><strong>paris.</strong></span> <span class='ocrx_word' id='word_1_64' title='bbox 1185 1240 1214 1282; x_wconf 80' lang='lat' dir='ltr'><strong>a</strong></span> <span class='ocrx_word' id='word_1_65' title='bbox 1239 1226 1333 1300; x_wconf 87' lang='grc'><strong>1544,</strong></span> <span class='ocrx_word' id='word_1_66' title='bbox 1354 1220 1533 1307; x_wconf 87' lang='lat' dir='ltr'><strong>wittcberg.</strong></span> <span class='ocrx_word' id='word_1_67' title='bbox 1558 1244 1588 1286; x_wconf 90' lang='lat' dir='ltr'><strong>a.</strong></span> <span class='ocrx_word' id='word_1_68' title='bbox 1615 1229 1709 1303; x_wconf 88' lang='grc'><strong>1554,</strong></span> <span class='ocrx_word' id='word_1_69' title='bbox 1731 1220 1824 1286; x_wconf 86' lang='lat' dir='ltr'><strong>basil.</strong></span> <span class='ocrx_word' id='word_1_70' title='bbox 1845 1243 1875 1286; x_wconf 79' lang='lat' dir='ltr'><strong>a</strong></span> <span class='ocrx_word' id='word_1_71' title='bbox 1900 1228 1989 1305; x_wconf 90' lang='grc'><strong>1555,</strong></span> 
     </span>
     <span class='ocr_line' id='line_1_9' title="bbox 478 1334 1990 1421; baseline 0.002 -22"><span class='ocrx_word' id='word_1_72' title='bbox 478 1335 743 1421; x_wconf 85' lang='lat' dir='ltr'><strong>wittebergenses</strong></span> <span class='ocrx_word' id='word_1_73' title='bbox 770 1358 927 1401; x_wconf 88' lang='lat' dir='ltr'><strong>annorum</strong></span> <span class='ocrx_word' id='word_1_74' title='bbox 954 1339 1031 1402; x_wconf 91' lang='grc'><strong>1579</strong></span> <span class='ocrx_word' id='word_1_75' title='bbox 1053 1344 1085 1399; x_wconf 87' lang='grc'><strong>51</strong></span> <span class='ocrx_word' id='word_1_76' title='bbox 1110 1340 1205 1416; x_wconf 81' lang='grc'><strong>1597,</strong></span> <span class='ocrx_word' id='word_1_77' title='bbox 1234 1334 1449 1400; x_wconf 85' lang='lat' dir='ltr'><strong>coloniensem</strong></span> <span class='ocrx_word' id='word_1_78' title='bbox 1475 1358 1504 1404; x_wconf 90' lang='lat' dir='ltr'><strong>a.</strong></span> <span class='ocrx_word' id='word_1_79' title='bbox 1531 1343 1624 1420; x_wconf 89' lang='grc'><strong>1624,</strong></span> <span class='ocrx_word' id='word_1_80' title='bbox 1657 1336 1823 1403; x_wconf 78' lang='lat' dir='ltr'><strong>amstelod.</strong></span> <span class='ocrx_word' id='word_1_81' title='bbox 1845 1358 1875 1402; x_wconf 78' lang='lat' dir='ltr'><strong>a</strong></span> <span class='ocrx_word' id='word_1_82' title='bbox 1900 1344 1990 1420; x_wconf 85' lang='grc'><strong>1707,</strong></span> 
     </span>
    </p>
   </div>
   <div class='ocr_carea' id='block_1_5' title="bbox 398 1450 1989 1654">
    <p class='ocr_par' dir='ltr' id='par_1_6' title="bbox 398 1450 1989 1654">
     <span class='ocr_line' id='line_1_10' title="bbox 479 1450 995 1549; baseline 0 -35"><span class='ocrx_word' id='word_1_83' title='bbox 479 1450 617 1538; x_wconf 88' lang='lat' dir='ltr'><strong>denique</strong></span> <span class='ocrx_word' id='word_1_84' title='bbox 640 1461 789 1516; x_wconf 87' lang='lat' dir='ltr'><strong>venetam</strong></span> <span class='ocrx_word' id='word_1_85' title='bbox 810 1453 995 1549; x_wconf 79' lang='grc'><strong>55511746.</strong></span> 
     </span>
     <span class='ocr_line' id='line_1_11' title="bbox 398 1565 1989 1654; baseline 0 -20"><span class='ocrx_word' id='word_1_86' title='bbox 398 1565 523 1634; x_wconf 86' lang='lat' dir='ltr'><strong>Classis</strong></span> <span class='ocrx_word' id='word_1_87' title='bbox 553 1566 602 1631; x_wconf 94' lang='lat' dir='ltr'><strong>III</strong></span> <span class='ocrx_word' id='word_1_88' title='bbox 627 1578 755 1633; x_wconf 88' lang='lat' dir='ltr'><strong>constat</strong></span> <span class='ocrx_word' id='word_1_89' title='bbox 786 1565 982 1632; x_wconf 85' lang='lat' dir='ltr'><strong>editionibus</strong></span> <span class='ocrx_word' id='word_1_90' title='bbox 1002 1565 1065 1631; x_wconf 86' lang='lat'>111:</span> <span class='ocrx_word' id='word_1_91' title='bbox 1098 1577 1214 1631; x_wconf 87' lang='lat' dir='ltr'><strong>veneta</strong></span> <span class='ocrx_word' id='word_1_92' title='bbox 1243 1568 1319 1632; x_wconf 88' lang='lat' dir='ltr'><strong>anni</strong></span> <span class='ocrx_word' id='word_1_93' title='bbox 1345 1573 1438 1649; x_wconf 87' lang='grc'><strong>1519,</strong></span> <span class='ocrx_word' id='word_1_94' title='bbox 1467 1566 1802 1654; x_wconf 82' lang='lat' dir='ltr'><strong>magdeburgensibus</strong></span> <span class='ocrx_word' id='word_1_95' title='bbox 1829 1591 1989 1635; x_wconf 88' lang='lat' dir='ltr'><strong>annornm</strong></span> 
     </span>
    </p>
   </div>
   <div class='ocr_carea' id='block_1_6' title="bbox 395 1685 1986 2117">
    <p class='ocr_par' dir='ltr' id='par_1_7' title="bbox 395 1685 1986 2117">
     <span class='ocr_line' id='line_1_12' title="bbox 482 1685 723 1750; baseline -0.008 -2"><span class='ocrx_word' id='word_1_96' title='bbox 482 1685 559 1750; x_wconf 84' lang='grc'><strong>1587</strong></span> <span class='ocrx_word' id='word_1_97' title='bbox 580 1694 611 1746; x_wconf 87' lang='grc'><strong>51</strong></span> <span class='ocrx_word' id='word_1_98' title='bbox 636 1688 723 1749; x_wconf 87' lang='grc'><strong>1593.</strong></span> 
     </span>
     <span class='ocr_line' id='line_1_13' title="bbox 437 1797 1736 1885; baseline 0.002 -23"><span class='ocrx_word' id='word_1_99' title='bbox 437 1797 510 1862; x_wconf 91' lang='lat' dir='ltr'><strong>Hae</strong></span> <span class='ocrx_word' id='word_1_100' title='bbox 531 1821 641 1863; x_wconf 87' lang='lat' dir='ltr'><strong>omnes</strong></span> <span class='ocrx_word' id='word_1_101' title='bbox 663 1800 808 1864; x_wconf 89' lang='lat' dir='ltr'><strong>nituntur</strong></span> <span class='ocrx_word' id='word_1_102' title='bbox 828 1799 1006 1885; x_wconf 83' lang='lat' dir='ltr'><strong>posteriore</strong></span> <span class='ocrx_word' id='word_1_103' title='bbox 1028 1797 1175 1864; x_wconf 91' lang='lat' dir='ltr'><strong>codicum</strong></span> <span class='ocrx_word' id='word_1_104' title='bbox 1196 1820 1323 1885; x_wconf 87' lang='lat' dir='ltr'><strong>genere.</strong></span> <span class='ocrx_word' id='word_1_105' title='bbox 1365 1799 1462 1864; x_wconf 88' lang='lat' dir='ltr'><strong>Prius</strong></span> <span class='ocrx_word' id='word_1_106' title='bbox 1484 1800 1576 1885; x_wconf 89' lang='lat' dir='ltr'><strong>sequi</strong></span> <span class='ocrx_word' id='word_1_107' title='bbox 1598 1799 1736 1865; x_wconf 85' lang='lat' dir='ltr'><strong>videtur.</strong></span> 
     </span>
     <span class='ocr_line' id='line_1_14' title="bbox 395 1912 1862 2003; baseline 0 -23"><span class='ocrx_word' id='word_1_108' title='bbox 395 1912 521 1980; x_wconf 88' lang='lat' dir='ltr'><strong>Classis</strong></span> <span class='ocrx_word' id='word_1_109' title='bbox 541 1914 588 1979; x_wconf 90' lang='lat' dir='ltr'><strong>IV</strong></span> <span class='ocrx_word' id='word_1_110' title='bbox 611 1913 786 1980; x_wconf 86' lang='lat' dir='ltr'><strong>editionum</strong></span> <span class='ocrx_word' id='word_1_111' title='bbox 808 1914 856 1979; x_wconf 86' lang='lat'><strong>11:</strong></span> <span class='ocrx_word' id='word_1_112' title='bbox 878 1913 1142 2000; x_wconf 82' lang='lat' dir='ltr'><strong>ingolstadiensis</strong></span> <span class='ocrx_word' id='word_1_113' title='bbox 1164 1916 1240 1979; x_wconf 89' lang='lat' dir='ltr'><strong>anni</strong></span> <span class='ocrx_word' id='word_1_114' title='bbox 1267 1921 1343 1982; x_wconf 87' lang='grc'><strong>1604</strong></span> <span class='ocrx_word' id='word_1_115' title='bbox 1365 1928 1397 1978; x_wconf 87' lang='grc'><strong>51</strong></span> <span class='ocrx_word' id='word_1_116' title='bbox 1417 1917 1654 2003; x_wconf 85' lang='lat' dir='ltr'><strong>antverpiensis</strong></span> <span class='ocrx_word' id='word_1_117' title='bbox 1673 1917 1750 1981; x_wconf 90' lang='lat' dir='ltr'><strong>anni</strong></span> <span class='ocrx_word' id='word_1_118' title='bbox 1774 1922 1862 1984; x_wconf 90' lang='grc'><strong>1725.</strong></span> 
     </span>
     <span class='ocr_line' id='line_1_15' title="bbox 435 2029 1986 2117; baseline 0.003 -23"><span class='ocrx_word' id='word_1_119' title='bbox 435 2029 529 2094; x_wconf 89' lang='lat' dir='ltr'><strong>Duas</strong></span> <span class='ocrx_word' id='word_1_120' title='bbox 551 2029 719 2113; x_wconf 87' lang='lat' dir='ltr'><strong>editiones,</strong></span> <span class='ocrx_word' id='word_1_121' title='bbox 739 2032 952 2117; x_wconf 88' lang='lat' dir='ltr'><strong>parisiensem</strong></span> <span class='ocrx_word' id='word_1_122' title='bbox 973 2032 1050 2095; x_wconf 91' lang='lat' dir='ltr'><strong>anni</strong></span> <span class='ocrx_word' id='word_1_123' title='bbox 1075 2036 1152 2098; x_wconf 89' lang='grc'><strong>1719</strong></span> <span class='ocrx_word' id='word_1_124' title='bbox 1174 2041 1206 2096; x_wconf 84' lang='grc'><strong>51</strong></span> <span class='ocrx_word' id='word_1_125' title='bbox 1227 2042 1375 2096; x_wconf 86' lang='lat' dir='ltr'><strong>venetam</strong></span> <span class='ocrx_word' id='word_1_126' title='bbox 1395 2033 1471 2096; x_wconf 90' lang='lat' dir='ltr'><strong>anni</strong></span> <span class='ocrx_word' id='word_1_127' title='bbox 1496 2038 1582 2115; x_wconf 85' lang='grc'><strong>1722,</strong></span> <span class='ocrx_word' id='word_1_128' title='bbox 1604 2033 1656 2097; x_wconf 87' lang='grc'><strong>551</strong></span> <span class='ocrx_word' id='word_1_129' title='bbox 1678 2031 1775 2098; x_wconf 89' lang='lat' dir='ltr'><strong>classi</strong></span> <span class='ocrx_word' id='word_1_130' title='bbox 1796 2055 1986 2099; x_wconf 84' lang='lat' dir='ltr'><strong>annumere-</strong></span> 
     </span>
    </p>
   </div>
   <div class='ocr_carea' id='block_1_7' title="bbox 312 2145 1986 2350">
    <p class='ocr_par' dir='ltr' id='par_1_8' title="bbox 312 2145 1986 2350">
     <span class='ocr_line' id='line_1_16' title="bbox 312 2145 936 2232; baseline 0.002 -22"><span class='ocrx_word' id='word_1_131' title='bbox 312 2169 393 2229; x_wconf 87' lang='lat' dir='ltr'><strong>mus,</strong></span> <span class='ocrx_word' id='word_1_132' title='bbox 415 2168 488 2210; x_wconf 93' lang='lat' dir='ltr'><strong>cum</strong></span> <span class='ocrx_word' id='word_1_133' title='bbox 510 2145 721 2212; x_wconf 85' lang='lat' dir='ltr'><strong>Beckmanno</strong></span> <span class='ocrx_word' id='word_1_134' title='bbox 741 2147 936 2232; x_wconf 86' lang='lat' dir='ltr'><strong>ignoramus.</strong></span> 
     </span>
     <span class='ocr_line' id='line_1_17' title="bbox 394 2261 1986 2350; baseline 0.003 -22"><span class='ocrx_word' id='word_1_135' title='bbox 394 2261 517 2329; x_wconf 88' lang='lat' dir='ltr'><strong>Classis</strong></span> <span class='ocrx_word' id='word_1_136' title='bbox 538 2261 570 2326; x_wconf 93' lang='lat' dir='ltr'><strong>ll</strong></span> <span class='ocrx_word' id='word_1_137' title='bbox 597 2261 864 2346; x_wconf 83' lang='lat' dir='ltr'><strong>frequentissima</strong></span> <span class='ocrx_word' id='word_1_138' title='bbox 886 2272 918 2327; x_wconf 89' lang='lat' dir='ltr'><strong>et</strong></span> <span class='ocrx_word' id='word_1_139' title='bbox 944 2261 1169 2348; x_wconf 87' lang='lat' dir='ltr'><strong>vulgatissima</strong></span> <span class='ocrx_word' id='word_1_140' title='bbox 1196 2263 1264 2328; x_wconf 87' lang='lat' dir='ltr'><strong>fere</strong></span> <span class='ocrx_word' id='word_1_141' title='bbox 1293 2263 1372 2328; x_wconf 92' lang='lat' dir='ltr'><strong>nihil</strong></span> <span class='ocrx_word' id='word_1_142' title='bbox 1402 2275 1450 2328; x_wconf 89' lang='lat' dir='ltr'><strong>est</strong></span> <span class='ocrx_word' id='word_1_143' title='bbox 1479 2266 1541 2329; x_wconf 90' lang='lat' dir='ltr'><strong>nisi</strong></span> <span class='ocrx_word' id='word_1_144' title='bbox 1572 2265 1676 2350; x_wconf 87' lang='lat' dir='ltr'><strong>ipsius</strong></span> <span class='ocrx_word' id='word_1_145' title='bbox 1697 2263 1880 2330; x_wconf 86' lang='lat' dir='ltr'><strong>Burchardi</strong></span> <span class='ocrx_word' id='word_1_146' title='bbox 1908 2264 1986 2333; x_wconf 91' lang='lat' dir='ltr'><strong>libri</strong></span> 
     </span>
    </p>
   </div>
   <div class='ocr_carea' id='block_1_8' title="bbox 478 2378 952 2464">
    <p class='ocr_par' dir='ltr' id='par_1_9' title="bbox 478 2378 952 2464">
     <span class='ocr_line' id='line_1_18' title="bbox 478 2378 952 2464; baseline 0.011 -23"><span class='ocrx_word' id='word_1_147' title='bbox 478 2378 619 2464; x_wconf 90' lang='lat' dir='ltr'><strong>epitome</strong></span> <span class='ocrx_word' id='word_1_148' title='bbox 641 2398 743 2463; x_wconf 89' lang='lat' dir='ltr'><strong>caque</strong></span> <span class='ocrx_word' id='word_1_149' title='bbox 764 2378 952 2464; x_wconf 88' lang='lat' dir='ltr'><strong>depravata.</strong></span> 
     </span>
    </p>
   </div>
   <div class='ocr_carea' id='block_1_9' title="bbox 411 2640 1984 2713">
    <p class='ocr_par' dir='ltr' id='par_1_10' title="bbox 411 2640 1984 2713">
     <span class='ocr_line' id='line_1_19' title="bbox 411 2640 1984 2713; baseline 0.004 -18"><span class='ocrx_word' id='word_1_150' title='bbox 411 2644 435 2712; x_wconf 79' lang='grc'><strong>·)</strong></span> <span class='ocrx_word' id='word_1_151' title='bbox 451 2640 504 2706; x_wconf 82' lang='lat' dir='ltr'><strong>Qui</strong></span> <span class='ocrx_word' id='word_1_152' title='bbox 522 2643 635 2713; x_wconf 88' lang='lat' dir='ltr'><strong>egregio</strong></span> <span class='ocrx_word' id='word_1_153' title='bbox 654 2658 746 2696; x_wconf 86' lang='lat' dir='ltr'><strong>errore</strong></span> <span class='ocrx_word' id='word_1_154' title='bbox 759 2646 858 2712; x_wconf 86' lang='lat' dir='ltr'><strong>captus</strong></span> <span class='ocrx_word' id='word_1_155' title='bbox 875 2640 1046 2696; x_wconf 87' lang='lat' dir='ltr'><strong>haecdicit:</strong></span> <span class='ocrx_word' id='word_1_156' title='bbox 1071 2658 1176 2696; x_wconf 88' lang='lat' dir='ltr'><strong>comme</strong></span> <span class='ocrx_word' id='word_1_157' title='bbox 1194 2640 1323 2696; x_wconf 81' lang='grc'><strong>1111115115</strong></span> <span class='ocrx_word' id='word_1_158' title='bbox 1340 2641 1375 2698; x_wconf 89' lang='lat' dir='ltr'><strong>de</strong></span> <span class='ocrx_word' id='word_1_159' title='bbox 1393 2643 1421 2698; x_wconf 89' lang='lat' dir='ltr'><strong>la</strong></span> <span class='ocrx_word' id='word_1_160' title='bbox 1439 2643 1544 2698; x_wconf 88' lang='lat' dir='ltr'><strong>citcme</strong></span> <span class='ocrx_word' id='word_1_161' title='bbox 1561 2642 1598 2698; x_wconf 90' lang='grc'><strong>511</strong></span> <span class='ocrx_word' id='word_1_162' title='bbox 1615 2641 1723 2710; x_wconf 87' lang='lat' dir='ltr'><strong>tomba,</strong></span> <span class='ocrx_word' id='word_1_163' title='bbox 1740 2642 1826 2703; x_wconf 84' lang='lat' dir='ltr'><strong>dit-il.</strong></span> <span class='ocrx_word' id='word_1_164' title='bbox 1843 2641 1939 2713; x_wconf 77' lang='lat' dir='ltr'><strong>Stella,</strong></span> <span class='ocrx_word' id='word_1_165' title='bbox 1957 2646 1984 2702; x_wconf 94' lang='grc'><strong>15</strong></span> 
     </span>
    </p>
   </div>
   <div class='ocr_carea' id='block_1_10' title="bbox 309 2722 1984 2883">
    <p class='ocr_par' dir='ltr' id='par_1_11' title="bbox 309 2722 1984 2883">
     <span class='ocr_line' id='line_1_20' title="bbox 309 2722 1983 2801; baseline 0.003 -23"><span class='ocrx_word' id='word_1_166' title='bbox 309 2722 376 2780; x_wconf 82' lang='lat' dir='ltr'><strong>obsi</strong></span> <span class='ocrx_word' id='word_1_167' title='bbox 388 2724 437 2778; x_wconf 81' lang='lat' dir='ltr'><strong>des</strong></span> <span class='ocrx_word' id='word_1_168' title='bbox 452 2740 546 2796; x_wconf 83' lang='lat' dir='ltr'><strong>mages</strong></span> <span class='ocrx_word' id='word_1_169' title='bbox 566 2726 666 2797; x_wconf 79' lang='lat' dir='ltr'><strong>qu&#39;une</strong></span> <span class='ocrx_word' id='word_1_170' title='bbox 683 2723 766 2781; x_wconf 78' lang='lat' dir='ltr'><strong>dtoile</strong></span> <span class='ocrx_word' id='word_1_171' title='bbox 780 2725 920 2780; x_wconf 86' lang='lat' dir='ltr'><strong>condnisit</strong></span> <span class='ocrx_word' id='word_1_172' title='bbox 935 2722 953 2779; x_wconf 71' lang='lat' dir='ltr'><strong>b</strong></span> <span class='ocrx_word' id='word_1_173' title='bbox 970 2725 1120 2781; x_wconf 83' lang='lat' dir='ltr'><strong>Bethleem.</strong></span> <span class='ocrx_word' id='word_1_174' title='bbox 1139 2756 1172 2767; x_wconf 97' lang='lat'>-</span> <span class='ocrx_word' id='word_1_175' title='bbox 1192 2726 1343 2781; x_wconf 74' lang='grc'><strong>8511515115</strong></span> <span class='ocrx_word' id='word_1_176' title='bbox 1359 2730 1416 2780; x_wconf 74' lang='grc'><strong>1155</strong></span> <span class='ocrx_word' id='word_1_177' title='bbox 1433 2745 1573 2797; x_wconf 62' lang='lat' dir='ltr'><strong>magorum</strong></span> <span class='ocrx_word' id='word_1_178' title='bbox 1589 2733 1632 2782; x_wconf 86' lang='lat' dir='ltr'><strong>est</strong></span> <span class='ocrx_word' id='word_1_179' title='bbox 1651 2726 1739 2795; x_wconf 84' lang='lat' dir='ltr'><strong>stella,</strong></span> <span class='ocrx_word' id='word_1_180' title='bbox 1754 2726 1859 2783; x_wconf 87' lang='lat' dir='ltr'><strong>ducens</strong></span> <span class='ocrx_word' id='word_1_181' title='bbox 1877 2744 1983 2801; x_wconf 78' lang='lat' dir='ltr'><strong>magos,</strong></span> 
     </span>
     <span class='ocr_line' id='line_1_21' title="bbox 310 2807 1984 2883; baseline 0.004 -20"><span class='ocrx_word' id='word_1_182' title='bbox 310 2825 382 2879; x_wconf 82' lang='lat' dir='ltr'><strong>qnae</strong></span> <span class='ocrx_word' id='word_1_183' title='bbox 407 2810 434 2862; x_wconf 91' lang='lat' dir='ltr'><strong>in</strong></span> <span class='ocrx_word' id='word_1_184' title='bbox 465 2815 577 2878; x_wconf 86' lang='lat' dir='ltr'><strong>puteum</strong></span> <span class='ocrx_word' id='word_1_185' title='bbox 607 2809 736 2864; x_wconf 85' lang='lat' dir='ltr'><strong>incidisse</strong></span> <span class='ocrx_word' id='word_1_186' title='bbox 752 2810 856 2878; x_wconf 78' lang='lat' dir='ltr'><strong>fertur,</strong></span> <span class='ocrx_word' id='word_1_187' title='bbox 883 2827 939 2864; x_wconf 92' lang='lat' dir='ltr'><strong>non</strong></span> <span class='ocrx_word' id='word_1_188' title='bbox 962 2808 1004 2863; x_wconf 80' lang='lat' dir='ltr'><strong>vir</strong></span> <span class='ocrx_word' id='word_1_189' title='bbox 1027 2808 1137 2864; x_wconf 88' lang='lat' dir='ltr'><strong>nomine</strong></span> <span class='ocrx_word' id='word_1_190' title='bbox 1153 2807 1263 2866; x_wconf 78' lang='lat' dir='ltr'><strong>Stellae</strong></span> <span class='ocrx_word' id='word_1_191' title='bbox 1297 2809 1339 2865; x_wconf 86' lang='lat' dir='ltr'><strong>Cf.</strong></span> <span class='ocrx_word' id='word_1_192' title='bbox 1359 2811 1440 2866; x_wconf 85' lang='lat' dir='ltr'><strong>Titus</strong></span> <span class='ocrx_word' id='word_1_193' title='bbox 1457 2811 1574 2867; x_wconf 86' lang='lat' dir='ltr'><strong>Toblers</strong></span> <span class='ocrx_word' id='word_1_194' title='bbox 1595 2815 1611 2866; x_wconf 76' lang='grc'><strong>1</strong></span> <span class='ocrx_word' id='word_1_195' title='bbox 1629 2810 1688 2866; x_wconf 81' lang='lat' dir='ltr'><strong>lide</strong></span> <span class='ocrx_word' id='word_1_196' title='bbox 1705 2810 1904 2883; x_wconf 64' lang='lat' dir='ltr'><strong>&#39;topographis</strong></span> <span class='ocrx_word' id='word_1_197' title='bbox 1929 2831 1984 2870; x_wconf 80' lang='lat' dir='ltr'><strong>von</strong></span> 
     </span>
    </p>
   </div>
   <div class='ocr_carea' id='block_1_11' title="bbox 309 2890 1085 2964">
    <p class='ocr_par' dir='ltr' id='par_1_12' title="bbox 309 2890 1085 2964">
     <span class='ocr_line' id='line_1_22' title="bbox 309 2890 1085 2964; baseline -0.001 -17"><span class='ocrx_word' id='word_1_198' title='bbox 309 2890 464 2947; x_wconf 78' lang='lat' dir='ltr'><strong>Jerusalem</strong></span> <span class='ocrx_word' id='word_1_199' title='bbox 483 2893 537 2946; x_wconf 88' lang='lat' dir='ltr'><strong>und</strong></span> <span class='ocrx_word' id='word_1_200' title='bbox 556 2893 649 2948; x_wconf 85' lang='lat' dir='ltr'><strong>seinen</strong></span> <span class='ocrx_word' id='word_1_201' title='bbox 668 2892 871 2964; x_wconf 87' lang='lat' dir='ltr'><strong>Umgebnngen</strong></span> <span class='ocrx_word' id='word_1_202' title='bbox 891 2893 926 2948; x_wconf 90' lang='grc'><strong>11,</strong></span> <span class='ocrx_word' id='word_1_203' title='bbox 945 2897 1085 2949; x_wconf 82' lang='grc'><strong>530-534.</strong></span> 
     </span>
    </p>
   </div>
   <div class='ocr_carea' id='block_1_12' title="bbox 0 0 2112 6096">
    <p class='ocr_par' dir='ltr' id='par_1_13' title="bbox 0 0 2112 6096">
     <span class='ocr_line' id='line_1_23' title="bbox 0 0 2112 6096; baseline 0 22"><span class='ocrx_word' id='word_1_204' title='bbox 0 0 2112 6096; x_wconf 95' lang='lat' dir='ltr'><strong> </strong></span> 
     </span>
    </p>
   </div>
  </div>
 </body>
</html>
