4214 6096
950 350 990 412 89

130 525 305 613 peioribus.
348 525 521 612 Recipiunt
551 526 694 611 hospicio
725 532 914 615 peregrinos
937 528 1093 613 degente
1117 550 1183 593 sua.
1227 532 1290 609 Qui
1316 529 1375 594 sihi
1400 552 1514 593 canere
1537 533 1699 608 nesciunt,
1734 550 1801 591 ere·

129 642 209 708 dunt
228 643 325 728 ipsis,
353 654 384 705 ct
406 664 456 704 res
476 654 507 705 ct
528 641 681 708 honorem
703 644 852 731 perdunt.
897 645 952 709 Isti
974 643 1092 707 ibidem
1115 654 1273 728 generunt
1295 644 1377 707 lilios
1400 655 1606 730 paternorum
1632 644 1800 706 eriminum

127 759 320 839 imitatores,
345 767 376 821 ct
399 756 439 821 de
460 756 554 820 malis
576 759 764 843 parentibus
787 762 868 825 finnt
887 761 945 824 lilii
968 763 1104 846 peiores,
1127 772 1218 823 etex
1242 760 1291 823 his
1313 769 1446 845 nepotes
1467 761 1616 844 pessimi,
1640 757 1801 821 calcantes

128 873 200 938 loca
229 884 341 937 saneta
372 871 510 958 pedihus
542 873 679 958 pollutis.
723 875 817 939 Unde
847 878 1019 961 contingit,
1046 890 1080 941 ut
1112 892 1244 961 propter
1272 890 1403 961 peccota
1436 873 1690 937 inhahituneimn
1714 872 1802 959 opud

128 989 235 1054 Deum
258 1000 345 1053 terra
367 990 439 1074 ipso
462 1010 532 1051 eum
554 989 624 1053 loco
649 992 912 1056 sanctificationis
934 994 1040 1056 ueniat
1062 993 1094 1054 in
1117 1003 1345 1076 contemptum.

256 1104 338 1169 Sunt
360 1106 461 1167 ccinm
483 1114 588 1188 preter
611 1106 779 1183 Latinosssi
803 1107 911 1193 plnres
936 1110 967 1171 in
990 1131 1029 1171 eia
1050 1121 1177 1192 gentes,
1200 1120 1233 1170 ut
1257 1108 1437 1170 Surruccni
1481 1106 1543 1185 Qui
1566 1106 1834 1169 Maelnnnnunn

134 1221 323 1308 predicant,
354 1232 385 1283 et
416 1220 519 1303 legem
552 1223 619 1284 eins
643 1235 783 1285 seruant.
827 1223 1002 1287 Domimnn
1025 1234 1167 1288 nostrum
1191 1224 1318 1287 lhcsom
1343 1222 1507 1287 Christum
1531 1225 1705 1285 maximnm
1729 1245 1801 1307 pro·

130 1337 300 1423 phetarum
323 1336 449 1407 dicunt,
471 1348 502 1399 ct
524 1335 669 1417 cundem,
692 1339 818 1423 Spiritu
840 1338 958 1403 Sancto
982 1351 1180 1424 conceptum,
1203 1339 1242 1402 clc
1264 1341 1389 1423 uirgine
1413 1348 1524 1402 mitum
1547 1340 1694 1400 t'ntcntnr.
1738 1337 1801 1399 Nc·

130 1463 209 1539 gant
234 1464 342 1515 tomen
371 1475 500 1537 passum
532 1463 563 1514 et
592 1463 768 1531 mortuum,
800 1455 856 1519 scd
882 1455 1010 1541 qnando
1042 1457 1088 1517 eis
1117 1455 1222 1540 placet
1251 1455 1359 1519 dicunt
1384 1478 1454 1518 eom
1478 1453 1663 1518 ascendisse
1689 1453 1801 1533 celum,

130 1568 172 1632 ad
199 1568 348 1632 dextrum
372 1568 480 1630 Putris
505 1568 633 1649 sedere,
657 1575 731 1653 qum
756 1570 873 1633 Filium
897 1572 959 1634 Dei
979 1594 1049 1634 cum
1073 1571 1274 1634 confitentur.
1317 1571 1555 1635 lllnchomctum
1576 1594 1651 1633 nero
1675 1580 1802 1634 eonten-

131 1684 213 1748 dunt
232 1683 346 1748 sedere
368 1683 410 1746 nd
432 1685 597 1746 sinistram
619 1686 696 1747 cius.
739 1685 796 1749 lsti
822 1700 894 1751 sunt
919 1687 1076 1751 immundi
1097 1689 1200 1750 nimis.
1244 1687 1307 1751 'l'ot
1329 1711 1448 1750 nxmcs
1470 1685 1608 1764 hnhcnt,
1631 1698 1706 1771 quot
1730 1707 1801 1770 pos·

131 1820 204 1863 ecre
227 1812 373 1885 possunt.
416 1801 556 1863 Pcceont
577 1811 684 1862 tamen
706 1802 931 1866 nichilominus
954 1814 1066 1866 eontra
1088 1815 1246 1883 natm-mn,
1268 1806 1300 1867 in
1323 1802 1459 1887 singulis
1482 1801 1667 1864 cinitutrhns
1685 1800 1803 1863 huben-

132 1924 180 1979 tes
203 1915 415 1991 effebiasffl).
459 1918 538 1978 Sunt
559 1928 664 2019 tumen
688 1916 863 2001 hospitales
888 1919 1020 1983 multum
1042 1932 1073 1983 ct
1096 1919 1231 1982 curiales
1255 1932 1285 1983 ct
1309 1920 1451 1984 henotici.

255 2048 369 2111 Preter
398 2047 456 2110 hos
485 2062 557 2109 sunt
588 2045 632 2110 ibi
654 2051 780 2125 Syriam
801 2052 870 2114 sino
893 2054 977 2136 Syri.
1021 2052 1075 2137 llij
1100 2064 1197 2115 totam
1220 2051 1423 2135 replcncrnnt
1451 2063 1580 2113 terram.
1625 2049 1836 2113 Christiania

131 2176 239 2227 tamen
262 2176 345 2245 sunt,
367 2162 424 2226 sed
446 2162 553 2225 latinis
573 2161 693 2224 nullum
717 2163 812 2228 lirlcm
836 2180 973 2231 seruant.
1007 2169 1125 2231 Misere
1147 2168 1329 2230 uestiuntnr
1351 2181 1383 2230 ct
1402 2166 1587 2243 indnuntur,
1612 2167 1803 2250 percisum,

132 2280 369 2365 eleemosynam
399 2302 461 2341 mm
490 2277 576 2344 derit.
620 2277 708 2341 Inter
731 2280 929 2346 Sormecnos
957 2282 1120 2363 habitunt,
1152 2296 1182 2345 ct
1209 2296 1244 2345 nt
1272 2282 1444 2368 plurimum
1467 2305 1577 2345 corum
1600 2281 1713 2344 ciliciis
1735 2281 1803 2343 lim·

131 2406 258 2481 guntur.
301 2396 339 2460 In
369 2395 481 2458 habitu
511 2393 706 2457 concordant
738 2419 808 2459 enm
829 2402 1033 2475 sarracenis,
1068 2400 1127 2461 nisi
1161 2399 1246 2483 qnod
1269 2411 1390 2460 tontum
1414 2421 1471 2483 per
1493 2395 1656 2479 cingulum
1677 2396 1803 2459 laneum

132 2510 365 2574 discernuntur.

260 2648 351 2707 Greci
372 2643 519 2705 similiter
537 2645 716 2707 Christiani
740 2662 821 2723 snm,
845 2646 900 2709 scil
924 2647 1131 2711 schismatici.
1154 2648 1213 2708 nisi
1238 2645 1324 2731 qrrocl
1351 2669 1407 2730 pro
1430 2667 1548 2727 mngno
1572 2658 1664 2728 pmtc
1682 2647 1714 2707 in
1730 2661 1835 2707 eon-t

136 2759 210 2823 cilio
232 2758 376 2843 generali
388 2763 446 2836 Μ’)
468 2758 526 2821 suh
552 2758 681 2823 ‹lomino
698 2763 858 2841 lire-gorio
876 2762 908 2824 X
929 2764 971 2827 ad
992 2763 1212 2826 oliodiencimn
1236 2761 1369 2825 ecclesie
1391 2762 1564 2823 redierunt.
1607 2759 1706 2846 Apud
1723 2760 1800 2823 lirc-

134 2900 189 2939 eos
212 2874 328 2962 prelati
351 2898 459 2939 omncs
482 2888 555 2936 sont
576 2875 735 2953 monaehi,
761 2889 792 2938 ct
814 2878 911 2941 multe
934 2878 1132 2942 nhstincncic
1155 2892 1186 2941 ct
1208 2878 1462 2942 conuersationis
1485 2876 1642 2939 mirande.
1687 2876 1801 2939 llcnoti

134 3006 208 3056 sunt
236 2992 338 3056 staldo.
384 2991 605 3057 Connnunitcr
634 2991 774 3076 pre-lotos
807 3017 880 3056 snos
911 2994 1044 3058 multum
1075 3005 1262 3058 rcucrcntur
1292 3005 1322 3057 et
1355 2993 1520 3057 honorum.
1562 2992 1682 3055 Audiui
1706 3017 1765 3074 ego
1784 3015 1802 3055 n

134 3108 321 3193 patriarcha
343 3131 464 3187 coium,
487 3105 572 3190 qnod
595 3105 677 3168 dixit
701 3132 750 3170 me
772 3123 935 3193 presente:
958 3110 1046 3191 „th
1069 3110 1258 3174 obediencia
1279 3133 1411 3173 romano
1432 3108 1565 3172 ecclesie
1580 3108 1715 3172 libenter
1734 3130 1803 3171 csse

134 3222 282 3289 uolumus
307 3236 338 3288 ct
361 3247 397 3286 ca
420 3225 572 3301 reuereri,
595 3223 651 3285 sed
670 3223 801 3286 multum
821 3226 936 3305 miror,
964 3227 1050 3312 quod
1072 3226 1294 3313 compellimur
1316 3224 1522 3288 inferioribus
1545 3223 1692 3309 prolatis,
1722 3227 1805 3287 sicut

137 3340 392 3425 archiepiscopis
415 3351 445 3402 ct
468 3339 648 3425 episcopis,
678 3337 817 3402 subesse.
863 3340 980 3406 Uohmt
1003 3345 1086 3406 enim
1110 3342 1239 3428 quidum
1264 3342 1500 3426 archiepiscopi
1523 3354 1553 3403 ct
1576 3343 1719 3427 episcopi
1744 3364 1804 3422 mc,

136 3456 190 3541 qui
219 3480 287 3521 sum
320 3453 524 3542 patriarcha,
558 3453 750 3539 compellere
782 3456 823 3518 ad
859 3457 1067 3521 osculandum
1095 3457 1193 3544 pedes
1222 3483 1296 3522 snos
1326 3469 1357 3520 ct
1387 3459 1432 3520 cis
1455 3459 1561 3520 lucere
1584 3457 1805 3521 obedienciam

135 3572 328 3653 manualem,
351 3571 394 3635 ad
415 3569 501 3657 qnod
524 3593 574 3632 mc
596 3569 693 3633 credo
715 3592 779 3633 non
800 3575 911 3652 teneri,
936 3596 1009 3637 cum
1032 3586 1141 3637 tomen
1163 3574 1222 3638 hoc
1244 3573 1380 3637 libenter
1403 3578 1541 3637 l'oeerem
1566 3573 1623 3636 soli
1648 3576 1764 3660 pupc.“

259 3702 338 3765 ilem
362 3714 434 3766 sunt
455 3701 500 3764 ibi
522 3707 661 3775 Arinenii,
687 3706 856 3780 (scorpiani,
878 3710 1066 3779 Nestorium,
1088 3710 1263 3783 humanit),
1285 3710 1544 3785 locossic),⁹⁵³⁰),
1568 3711 1695 3781 chunni,
1716 3713 1837 3783 uleus

133 3822 240 3891 Perse,
271 3824 432 3898 Etltiopes,
462 3820 582 3897 Eppptr'i
603 3827 633 3879 ct
662 3816 759 3880 multe.
788 3836 899 3903 gentes
923 3820 1001 3900 alie,
1034 3822 1399 3903 quesuiitlllrr·istio11i.
1442 3821 1587 3900 Quorum
1611 3834 1657 3885 est
1680 3823 1805 3886 inlinito

134 3932 313 4029 multitudo.
358 3934 429 4013 (luc
460 3932 584 4018 singule
611 3933 730 3996 hahent
760 3936 964 4020 patriarches
994 3960 1069 4000 suos
1096 3952 1127 4001 ct
1156 3942 1202 4001 cis
1231 3938 1394 4001 ohcrliunt.
1437 3938 1559 4000 Eorum
1589 3960 1664 4001 uero
1688 3938 1806 4023 prelati

135 4048 259 4131 dicunt,
289 4074 323 4113 se
350 4072 482 4112 remoue
512 4052 644 4112 ecclesie
665 4048 877 4114 libentissime
907 4052 1048 4116 obedire.
1092 4054 1215 4117 Horum
1248 4054 1377 4140 quidem
1399 4053 1584 4117 Nestoriani
1608 4064 1638 4116 et
1661 4053 1805 4117 lucobini

135 4175 166 4229 et
187 4164 308 4230 similes
331 4188 351 4229 a
373 4164 564 4251 quihusdmn
588 4165 746 4247 hereticis,
771 4169 825 4250 qni
848 4167 1009 4252 quondum
1036 4193 1144 4234 corum
1168 4174 1339 4256 capitanci,
1364 4172 1410 4233 sie
1431 4170 1508 4233 dicti
1531 4182 1612 4232 sunt.

258 4296 339 4360 Sunt
361 4300 495 4382 insuper
517 4299 550 4359 in
572 4308 659 4359 terra
681 4312 792 4361 sorictn
817 4304 1025 4375 strennuitas),
1049 4303 1102 4384 qui
1125 4325 1210 4365 nnnc
1232 4306 1435 4373 Bodoinilill
1459 4303 1617 4375 (licuntur,
1641 4312 1671 4365 et
1697 4308 1806 4363 'l'rnco-
1824 4323 1840 4367 6

135 4418 223 4489 neoni,
246 4413 359 4477 clorrtcs
381 4422 535 4488 tantumn
556 4436 687 4497 opermn
713 4412 837 4477 alendis
861 4414 1032 4500 pecoribus
1054 4429 1085 4478 et
1106 4417 1253 4497 camelis,
1284 4418 1400 4503 quihus
1422 4420 1521 4481 ccimn
1545 4417 1732 4480 hohnmlont
1755 4441 1804 4480 str-

134 4552 196 4616 pra
218 4529 358 4594 medum.
401 4530 459 4593 lsti
482 4543 602 4592 certam
623 4553 686 4592 non
709 4530 829 4595 hahent
851 4534 1059 4611 nmnsioncm,
1083 4533 1139 4597 scd
1162 4533 1341 4618 ubicunqne
1364 4535 1562 4619 comperiunt
1585 4556 1656 4596 csse
1675 4555 1807 4619 puseus,

135 4668 169 4709 sc
194 4646 390 4709 transferunt
421 4669 491 4708 eum
524 4646 740 4709 tabernuculis
765 4650 830 4711 suis
883 4648 939 4711 lsti
962 4672 1034 4712 cnm
1057 4652 1121 4713 sint
1144 4658 1334 4735 pugnaees&
1358 4649 1469 4722 tealdo,
1503 4672 1565 4712 non
1595 4661 1724 4711 utuntur
1745 4650 1806 4711 nisi

134 4760 252 4846 gladiis
274 4772 305 4825 et
326 4760 448 4825 lanceis
470 4784 503 4824 m
525 4760 620 4825 hello.
664 4765 799 4846 saginis
822 4788 884 4828 non
908 4775 1050 4845 utuntur,
1074 4765 1217 4829 dieentes
1238 4790 1307 4828 csse
1331 4777 1426 4851 turpe
1447 4767 1542 4829 nimis
1565 4765 1685 4828 homini
1709 4766 1807 4827 tritam

202 4958 230 5027 a)
247 4958 317 5011 Sum
333 4960 418 5011 ecr'mn
438 4958 523 5009 lntini
539 4959 566 5009 in
586 4977 617 5011 ca
635 4968 724 5026 pentes
736 4961 831 5029 plnres
848 4960 887 5015 St.
924 4963 1096 5015 Stridentem
1115 4974 1206 5032 preter
1226 4965 1339 5017 horinon
1359 4964 1382 5016 h¹
1406 4996 1431 5002 --
1459 4962 1486 5017 ln
1504 4962 1618 5013 Inbe'onr'
1635 4963 1667 5013 St
1681 4960 1706 5012 h.
1725 4992 1753 4999 -
1783 4966 1808 5031 c)

267 5042 366 5096 lobeni
381 5040 451 5095 s'th.
473 5072 502 5078 ·—
525 5042 554 5109 d)
576 5045 722 5096 ntrnh'om'tc
742 5046 780 5099 st.
799 5047 949 5099 rnoch'rnn'tc
967 5046 991 5098 h.
1010 5077 1040 5084 —
1065 5051 1089 5099 ci
1108 5056 1211 5099 turstino
1231 5046 1298 5100 Sth¹
1319 5078 1350 5085 -
1376 5046 1402 5115 f)
1419 5063 1537 5116 popnccs
1555 5045 1594 5097 St.
1611 5053 1765 5113 pupnontes
1783 5044 1808 5097 h.

196 5234 267 5300 648)
286 5230 414 5305 effeln'nsl
436 5228 584 5308 ephebiae.
1055 5241 1126 5305 650)
1150 5235 1290 5308 Iocoln‘m'}
1315 5235 1373 5305 Qui
1397 5253 1461 5290 cum
1485 5236 1573 5311 paulo
1595 5244 1662 5311 post
1684 5254 1808 5292 commc-

195 5332 265 5402 649)
295 5332 325 5385 iu
349 5332 468 5386 concilio
493 5329 634 5404 perier-ali}
665 5330 752 5401 Quod
775 5330 884 5389 factirm
907 5345 951 5391 (ist
992 5344 1152 5401 morentur,
1174 5332 1219 5390 hic
1242 5353 1356 5411 (pinique
1379 5353 1437 5390 non
1460 5333 1577 5408 lobeni,
1605 5333 1656 5391 scd
1677 5334 1810 5390 Iorobini

132 5446 210 5486 auno
236 5431 312 5488 1274
330 5426 476 5503 Lugduni.
507 5426 543 5486 V.
560 5427 665 5484 Mnnsii
689 5430 876 5488 conciliorum
892 5432 950 5489 col·
992 5431 1147 5509 legendum
1173 5452 1237 5489 esse
1259 5431 1446 5491 ducebamus.

132 5525 287 5584 lectionem
306 5525 424 5585 XXIV.
447 5531 484 5586 35
508 5549 570 5606 sqq.
613 5525 710 5600 Quare
732 5540 797 5605 post
820 5550 846 5587 u.
875 5534 948 5590 1274
1056 5536 1127 5601 eol)
1151 5532 1295 5605 liodrici}
1321 5531 1453 5590 Beduini.

132 5625 249 5705 scripsit
270 5624 467 5686 Bur-chardns.
