4214 6096
1060 326 1117 391 188

251 511 416 600 sepulture
437 491 543 595 elegit,
566 530 639 573 cum
659 506 764 572 Filius
786 506 865 587 eius,

789 643 894 706 „quam
915 633 1001 699 terra,
1020 635 1137 706 pontus,
1159 624 1261 687 5111οη

793 723 900 796 colunt,
922 722 1055 798 adorant,
1075 721 1356 805 predicant“·)²³⁶)2

247 843 281 906 in
305 849 375 906 orto
398 838 550 925 dignatus
574 838 672 902 fuerit
693 834 832 922 sepeliri.

215 972 226 1024 1
371 955 430 1020 IX.
472 953 553 1019 Inde
574 950 828 1018 conscendentes
848 964 971 1014 orontem
992 955 1092 1013 oliuets'
1112 952 1252 1018 uidimus
1274 952 1440 1019 castellnm
1456 960 1639 1038 Beelpleye
1661 953 1702 1020 de
1722 975 1785 1042 qno
1800 949 1925 1016 Mathe

246 1094 284 1137 us
297 1072 356 1147 ²⁸⁸)
377 1072 439 1136 ait:
471 1073 541 1133 Cum
570 1071 829 1149 appropinquaret
856 1072 941 1130 Ieme
959 1072 1168 1147 lerosolymam
1195 1081 1223 1130 et
1245 1073 1373 1132 uenisset
1396 1076 1569 1153 Betltplmqe
1598 1077 1640 1134 ad
1667 1083 1789 1134 montem
1816 1071 1926 1143 euasti,

213 1190 325 1259 amisit
347 1192 429 1253 duos.
473 1185 512 1250 In
540 1205 665 1249 summo
691 1183 809 1248 montis
829 1181 971 1247 uidimus
991 1181 1056 1248 duo
1078 1181 1223 1247 claustra
1245 1182 1426 1268 destructa,
1452 1208 1590 1273 quorum
1617 1209 1716 1252 unum
1737 1184 1927 1252 edificatum

213 1314 297 1372 leet
325 1303 359 1366 in
387 1323 425 1366 eo
451 1301 537 1384 loco,
566 1301 685 1386 inquo
708 1298 869 1363 Dominus
891 1298 1004 1363 orauit.
1048 1302 1087 1360 Ee
1101 1305 1210 1374 sactus
1237 1313 1280 1363 eet
1307 1305 1368 1364 illie
1395 1308 1488 1365 sudor
1509 1310 1569 1366 eius
1591 1315 1734 1384 tamquam
1752 1312 1834 1382 putte
1854 1320 1926 1360 rau·

213 1423 344 1500 spuifluis
370 1424 556 1480 decurrentia
586 1421 617 1478 in
646 1415 836 1490 terraen222).
880 1411 981 1477 Aliud
1007 1436 1086 1480 vero
1113 1413 1296 1480 edificatum
1326 1428 1494 1505 estsuper
1516 1418 1622 1483 locum
1651 1417 1764 1499 illum,
1796 1414 1839 1479 de
1859 1433 1924 1501 quo

213 1552 228 1601 5
246 1534 406 1601 Dominus
428 1538 591 1596 ascendens
613 1535 644 1593 in
666 1536 757 1592 altum
779 1536 928 1609 captiuum
946 1535 1033 1591 duxit
1051 1535 1254 1611 captiuitatem
1267 1532 1337 1611 238).
1379 1534 1417 1598 In
1440 1556 1502 1620 quo
1524 1556 1609 1599 nunc
1631 1533 1788 1620 temporis
1809 1529 1925 1596 Sarra·

204 1660 229 1711 'u
246 1645 379 1727 cenusb)
408 1647 547 1714 infidelis
575 1646 617 1712 ad
644 1645 799 1710 honorem
818 1642 986 1711 Mahumet
1014 1669 1106 1710 suum
1135 1648 1312 1713 oratorium
1340 1651 1611 1737 preparauitlll).
1653 1650 1706 1715 De
1733 1646 1796 1713 hoc
1816 1653 1925 1711 monte

245 1766 352 1851 ipsam
374 1766 538 1830 ciuitatem
562 1761 705 1850 perfecte
726 1761 936 1847 inspicientes
958 1760 1100 1826 uidimus
1120 1763 1155 1827 in
1177 1784 1217 1828 ea
1237 1770 1371 1845 templum
1394 1770 1523 1843 Daniel,
1543 1764 1630 1852 quod
1650 1764 1783 1850 quidam
1803 1784 1846 1828 ex
1867 1781 1925 1825 an·

245 1881 335 1967 tiquo
362 1883 492 1945 nomine
524 1883 691 1943 Salmonis
720 1875 901 1963 appellant,
932 1899 996 1942 non
1023 1877 1225 1943 attendentes
1254 1880 1360 1966 ipsam
1386 1880 1593 1947 Hierusalem
1619 1903 1691 1946 cum
1723 1902 1780 1945 suo
1801 1873 1922 1963 templu

212 1995 347 2061 eluisse
372 1995 582 2061 destructam.
624 1994 664 2058 In
692 2015 757 2081 quo
787 1992 936 2056 dominus
959 1992 1121 2059 Soldanus
1133 1995 1191 2071 ²⁴⁰)
1219 1998 1396 2062 oratorium
1426 1997 1489 2062 sibi
1511 2007 1544 2063 et
1565 1999 1632 2062 suis
1654 1993 1926 2062 solemnissimum

245 2109 424 2195 ordinauit,
444 2114 479 2177 in
500 2111 588 2198 quod
611 2112 699 2175 ciues
721 2110 824 2196 ipsius
843 2108 985 2175 ciuitatis
1008 2112 1094 2176 omni
1116 2110 1199 2175 feria
1221 2123 1314 2176 sexta
1335 2112 1486 2177 iubentur
1508 2114 1681 2179 conuenire
1701 2122 1733 2176 et
1754 2108 1924 2174 Mshumet

213 2226 392 2293 usdorare.
436 2229 533 2293 quta
553 2226 632 2292 illud
655 2223 886 2311 assignabatur
908 2224 1001 2291 nobis
1018 2230 1180 2305 probmica
1199 2231 1330 2306 piscina,
1352 2252 1405 2309 que
1429 2237 1653 2310 coqnonsmatar
1675 2231 1811 2291 hebraice
1832 2227 1924 2287 Betu-

212 2346 348 2421 araim,
375 2349 500 2426 quiaque
526 2347 661 2423 porticae
689 2346 800 2404 labem
810 2341 839 2382 ²⁴
847 2342 880 2417 ¹).
922 2341 977 2407 Ex
1004 2341 1154 2429 predicta
1180 2344 1360 2410 eminencia
1389 2345 1499 2411 oliucti
1529 2345 1758 2432 perspeximus
1780 2350 1923 2407 montem

245 2463 336 2542 Sion,
363 2460 435 2547 qni,
463 2471 499 2525 ut
528 2470 602 2523 ante
632 2458 741 2544 tetigi,
771 2479 857 2521 nune
877 2457 1053 2524 includitur
1074 2459 1176 2524 muris
1195 2460 1298 2546 ipsius
1319 2463 1478 2543 ciuitatis,
1507 2460 1565 2526 sed
1587 2470 1733 2546 tempore
1752 2457 1922 2541 Passionis

196 2585 228 2637 10
244 2574 417 2646 Dominice
438 2575 680 2641 excludebatur.
723 2574 761 2638 In
785 2596 909 2639 summo
931 2573 1028 2656 illius,
1050 2576 1128 2662 quia
1147 2573 1232 2640 latus
1255 2590 1426 2660 emmens,
1448 2577 1586 2643 habetur
1608 2574 1772 2664 quoddam
1792 2573 1923 2658 largum

245 2702 278 2757 et
297 2690 466 2780 pulchrum
488 2702 624 2779 aspectu
644 2689 824 2774 cenobium,
846 2692 881 2755 in
902 2713 965 2777 quo
986 2702 1118 2755 manent
1138 2693 1242 2756 eciam
1266 2691 1412 2769 Suriani,
1439 2692 1628 2759 Sarracenis
1656 2691 1837 2772 tributarii,
1865 2689 1923 2776 qui

245 2809 427 2895 peregrinis
448 2807 526 2873 illuc
546 2805 750 2872 uenientibus
772 2816 953 2872 monstrant
973 2805 1099 2888 locum,
1120 2809 1155 2871 in
1176 2831 1240 2895 quo
1261 2809 1423 2875 Dominus
1446 2811 1575 2875 cenauit
1595 2831 1668 2873 cum
1690 2809 1759 2873 suis
1779 2805 1922 2894 discipu·

245 2923 285 2989 lis
306 2908 339 2990 et
359 2947 504 2990 mensam
526 2923 632 3005 illam,
663 2924 697 2987 in
724 2945 789 3009 qua
810 2922 971 2987 Dominus
993 2922 1083 2987 Iesus
1107 2923 1257 2990 Christus
1283 2923 1420 2990 tradidit
1447 2925 1594 3012 corporis
1622 2939 1654 2989 et
1681 2924 1849 3010 sanguinis
1870 2922 1922 2988 sui

244 3044 401 3128 mysteria
434 3038 647 3122 celebranda,
680 3049 712 3104 et
743 3037 864 3126 peluim
874 3039 949 3120 ²⁴²),
984 3061 1060 3122 uus,
1093 3040 1128 3104 iu
1163 3062 1227 3125 quo
1247 3041 1409 3106 Dominus
1438 3040 1519 3105 lauit
1546 3039 1645 3127 pedes
1674 3037 1921 3125 discipulorum,

195 3179 227 3228 ιι
244 3157 429 3244 exemplum
451 3158 533 3222 dans
555 3156 721 3236 ministris,
744 3164 776 3220 et
794 3158 891 3216 aciem
912 3158 1140 3236 patefecerim)
1163 3156 1283 3235 eis²⁴³).
1317 3156 1362 3223 Et
1383 3158 1506 3237 scitote,
1528 3153 1636 3244 quisI)
1658 3157 1692 3220 in
1712 3164 1821 3220 monte
1840 3151 1922 3218 Slun

244 3281 315 3337 erat
342 3272 504 3359 hospitale
533 3273 601 3336 siue
621 3270 734 3336 domus
755 3270 830 3353 illa,
859 3269 902 3335 ad
925 3293 1024 3357 quam
1049 3251 1143 3337 iuxta
1168 3271 1287 3338 librum
1309 3272 1565 3339 Machabeorum
1576 3273 1634 3348 ²⁴⁴)
1662 3279 1712 3333 air
1732 3273 1921 3349 fortissimus

194 3395 226 3446 12
244 3392 339 3451 ludos
366 3393 523 3453 collatione
543 3396 637 3466 sueta
659 3391 810 3450 duodecim
837 3393 930 3449 millia
962 3393 1123 3451 machmas
1144 3396 1262 3470 arpenti
1282 3394 1360 3452 misit
1382 3394 1618 3470 Hierosolymam
1639 3391 1755 3468 efferri.
1796 3387 1836 3452 In
1858 3406 1922 3473 quo

194 3525 226 3576 ts
245 3503 451 3592 postmodum
478 3503 639 3592 hospitale
666 3504 771 3568 sancti
791 3503 945 3568 Iohannis
955 3504 1013 3582 ²⁴⁵)
1042 3503 1104 3570 fuit
1132 3504 1325 3571 edificatum.
1367 3507 1407 3570 ln
1433 3505 1496 3570 hae
1515 3506 1620 3569 eciam
1641 3503 1738 3569 domo
1762 3500 1920 3589 discipuli

225 3631 322 3707 ¹post
346 3621 535 3686 Passionem
563 3620 730 3686 latitantes
761 3630 793 3686 et
831 3618 949 3684 clausis
982 3620 1109 3686 foribus
1145 3623 1373 3687 conuenientes
1401 3622 1507 3708 ipsum
1540 3620 1719 3685 Dominum
1748 3617 1922 3712 conuenIre
1999 3680 2004 3690 ,

244 3750 431 3820 meruerunt
462 3749 545 3802 teste
566 3736 728 3819 Iohanne,
759 3737 814 3822 qui
842 3734 922 3800 dicit
935 3735 1011 3813 211);
1048 3739 1118 3799 Cam
1145 3760 1212 3803 sero
1240 3751 1316 3801 esset
1337 3742 1385 3800 die
1406 3742 1457 3800 uzo
1478 3761 1539 3800 um
1560 3740 1763 3806 sabbatorum,
1792 3744 1922 3813 cesores

195 3865 226 3915 14
243 3868 339 3939 essent
368 3862 481 3931 clause,
510 3858 560 3916 adi
587 3866 675 3916 erum
703 3855 844 3931 discipali
871 3856 1043 3932 compr-epuli
1062 3865 1193 3933 propter
1223 3867 1326 3924 metam
1345 3858 1517 3933 Isdeoram,
1551 3856 1631 3916 uenit
1652 3857 1748 3915 Iesus.
1780 3886 1822 3897 -
1855 3850 1922 3916 Iste

243 3971 346 4037 eciam
367 3969 456 4035 locus
477 3985 565 4053 erat,
597 3971 631 4034 in
653 3992 716 4056 quo
740 3967 893 4055 discipuli
913 3970 1036 4056 pariter
1063 3969 1098 4033 in
1119 3967 1232 4034 eodem
1262 3969 1334 4035 loco
1356 3979 1552 4057 aeceperunt
1574 3968 1734 4054 Spiritum
1755 3966 1922 4033 Sanctum.

194 4100 225 4149 15
244 4086 339 4166 Unde
361 4097 452 4150 actus
474 4085 694 4172 apostolorum
715 4084 908 4162 dicunt²⁴⁷):
943 4086 1013 4161 cum
1037 4091 1255 4165 complerentur
1276 4091 1339 4149 dies
1354 4098 1554 4169 pentecostes,
1582 4098 1670 4148 eruut
1692 4081 1922 4182 515525(ᾆίθαὶ-

214 4260 216 4267 '
309 4251 337 4320 a)
356 4251 416 4304 llos
434 4264 527 4303 versus
544 4266 603 4303 esse
622 4265 679 4302 non
697 4247 766 4301 vidit
784 4247 905 4311 Allntius
924 4265 946 4304 s.
960 4247 1101 4303 Nihusius.
1115 4278 1148 4289 -
1165 4248 1195 4320 b)
1212 4250 1327 4320 qudem
1344 4250 1425 4304 Sor-r.
1443 4248 1493 4303 m.
1506 4265 1549 4319 pr.
1564 4279 1593 4289 -
1613 4250 1640 4314 e)
1652 4248 1774 4319 jecerim
1785 4245 1814 4300 n
1827 4246 1923 4300 Ed.-

377 4333 408 4404 d)
424 4331 518 4388 Verba
534 4333 630 4387 ees'tote
647 4332 715 4401 quia
731 4348 784 4386 om.
802 4331 855 4386 ud.

304 4509 376 4580 235)
392 4501 562 4580 predicunt]
583 4503 620 4561 In
633 4500 669 4562 L.
685 4501 787 4561 Allatii
803 4499 983 4576 Συμμίκτοις
997 4522 1060 4562 ver·
1165 4506 1236 4578 240)
1260 4503 1418 4579 soldanus]
1451 4501 1487 4561 V.
1506 4502 1620 4563 Toblsr
1642 4501 1773 4582 Topogr.
1798 4503 1823 4562 1.
1851 4506 1923 4563 519.

242 4627 291 4664 sus
315 4605 346 4665 hi
374 4602 502 4663 distincti
534 4619 594 4660 non
621 4611 697 4662 sunt.
746 4599 783 4662 V.
813 4600 922 4660 Daniel
947 4600 971 4661 1.
1004 4605 1060 4662 112
1103 4601 1201 4680 Vulgo
1222 4601 1314 4662 Omar
1339 4602 1507 4662 moscheam
1533 4622 1673 4679 magnam
1698 4599 1812 4660 Herem
1838 4600 1923 4663 esch·

165 4754 168 4760 .
241 4704 297 4764 No.
322 4701 467 4763 CXLIV:
1104 4699 1231 4761 Scherol
1250 4701 1416 4762 condidisse
1437 4701 1568 4762 truditur.

409 4830 491 4891 (Μ,
506 4836 589 4896 m,
599 4830 711 4898 ponam,
727 4827 838 4881 ,usum
1167 4805 1239 4874 241)
1261 4799 1379 4877 labens]
1401 4800 1464 4863 Iob.
1486 4800 1523 4874 V,
1548 4804 1566 4861 2
1588 4820 1605 4860 e
1624 4797 1714 4876 vulg.

409 4912 507 4976 comat,
525 4913 654 4976 odoram
668 4911 843 4981 praedicam,
1167 4903 1239 4970 242)
1257 4900 1377 4976 peluim]
1399 4900 1461 4960 Ioln
1482 4899 1573 4972 XIII,
1595 4904 1612 4959 5
1635 4917 1698 4977 sqq.

408 4998 509 5050 tunam
528 5001 669 5067 usonem
688 4991 844 5047 machinam
1166 5003 1238 5072 am)
1252 4999 1374 5076 fecere]
1396 4998 1460 5061 Ioh.
1482 4999 1573 5072 xm,
1596 5000 1648 5059 12:
1678 4994 1766 5056 sam
1787 4994 1860 5077 quis
1880 4995 1923 5057 rs-

408 5081 560 5134 ⁰¹⁸¹¹⁸²¹¹¹¹¹²
577 5077 684 5132 M'm
701 5076 815 5142 Dium·
1104 5098 1192 5158 carim
1207 5097 1314 5158 vobIs?
1334 5096 1436 5172 Quare
1447 5097 1564 5158 fecerim
1576 5098 1606 5156 in
1620 5094 1723 5156 fecerit
1735 5093 1923 5158 mutavimus.

305 5207 376 5276 236)
398 5200 547 5278 Mollem]
567 5198 659 5272 XXI,
683 5205 708 5266 l·
934 5257 937 5260 Α
1093 5205 1096 5211 ’
1166 5199 1238 5270 214)
1259 5197 1500 5273 Moedadeorum]
1520 5196 1553 5256 11
1573 5194 1613 5257 u
1633 5194 1709 5267 XII,
1731 5196 1779 5256 12.
1803 5197 1857 5256 111.Δ

303 5306 375 5375 237)
398 5303 430 5359 m
452 5299 572 5376 terrum]
593 5299 667 5360 Luc.
689 5296 796 5370 XXII,
817 5303 866 5364 m.
1165 5299 1237 5371 215)
1259 5297 1340 5374 deep.
1366 5318 1389 5357 s.
1410 5296 1564 5372 Iohannis]
1594 5292 1708 5357 Tobler
1734 5292 1877 5379 Topogr„
1896 5291 1922 5354 1.

302 5404 375 5477 238)
398 5397 612 5476 captiuitatem]
632 5397 710 5479 pr.
731 5395 786 5471 IV,
806 5400 835 5458 8.
1102 5399 1161 5454 400
1183 5414 1246 5475 sqq.
1871 5391 1874 5398 '

301 5477 373 5572 aaa)
390 5497 584 5574 preparato]
607 5495 654 5558 cr.
676 5493 791 5557 roura
807 5491 939 5577 sinim.
954 5517 983 5577 p.
1004 5501 1056 5558 101
1165 5499 1238 5570 esc)
1260 5496 1310 5573 qm
1328 5496 1410 5572 asem
1431 5494 1503 5567 xx,
1526 5499 1572 5555 m.

240 5610 298 5658 not.
321 5604 349 5658 9.
773 5677 775 5681 y
1165 5599 1237 5668 247)
1257 5595 1369 5671 dicunt]
1388 5595 1431 5668 11,
1456 5600 1480 5656 1.
1503 5597 1530 5655 2.
