4214 6096
864 685 1082 747 ..43-

193 882 237 944 da
270 895 429 943 marmore
463 877 633 941 albissimo
667 873 820 940 nobiliter
852 886 1036 961 preparata.
1094 874 1198 942 (iuius
1235 874 1468 957 cooperculum
1504 873 1668 940 alauatum
1702 885 1755 941 est
1787 878 1816 941 3.

194 1005 467 1092 quemadmodum
491 1000 601 1082 arcba,
626 1011 661 1065 at
682 1001 826 1087 aperitur
849 1013 883 1066 et
905 999 1076 1065 clauditur.
1124 1000 1207 1064 (ium
1237 1001 1418 1084 episcopus
1449 998 1516 1066 loci
1545 999 1635 1065 iilius
1659 999 1755 1065 intel·
1787 1008 1817 1068 4.

193 1130 309 1216 ligaret
333 1130 531 1194 desiderium
555 1146 661 1192 meum
686 1138 719 1191 et
744 1145 879 1190 causam
902 1126 1065 1189 aduentus
1088 1124 1169 1203 mei,
1199 1134 1394 1208 preparatus
1423 1137 1502 1188 cusr-
1519 1126 1697 1191 deuotione
1721 1137 1755 1192 et

194 1254 398 1319 orationibus
415 1262 449 1317 et
468 1264 566 1318 cantu
583 1253 737 1316 accensis
754 1247 967 1315 luminaribus
980 1260 1013 1312 at
1025 1246 1245 1313 thuribulis⁵⁰⁶
1256 1250 1404 1313 accessit
1414 1249 1457 1312 ad
1470 1249 1710 1334 sarcophagum
1718 1247 1755 1287 ⁵⁰⁷

192 1380 289 1445 beate
313 1379 470 1443 Katerine
493 1378 647 1462 uirginis,
676 1389 710 1440 et
739 1374 881 1461 aperuit,
911 1384 945 1438 et
973 1371 1052 1439 mibi
1079 1372 1297 1456 introspicere
1319 1373 1478 1457 precepit.
1525 1373 1568 1437 Et
1588 1375 1659 1439 uidi
1682 1394 1754 1459 per·
1788 1385 1834 1445 5.‘

193 1507 310 1590 spicue
340 1502 428 1570 faeie
458 1496 500 1569 ad
529 1501 649 1568 faciem
677 1503 753 1568 sine
779 1499 936 1584 ambiguo
948 1497 986 1536 ⁵⁰⁸
1016 1518 1136 1584 eorpus
1168 1499 1264 1565 beuta
1286 1498 1458 1579 Katerine,
1488 1511 1523 1570 et
1551 1502 1657 1584 capud
1682 1502 1755 1566 eius

193 1633 313 1697 nudum
339 1628 567 1695 deosculabar.
613 1627 758 1693 Membra
787 1626 919 1710 quidem
951 1636 985 1690 et
1014 1645 1093 1691 ossa
1117 1624 1228 1689 neruis
1258 1622 1455 1718 ooberencia
1482 1624 1593 1691 adbuc
1622 1628 1754 1711 inipso
1788 1634 1818 1694 6.

193 1755 269 1820 oleo
299 1766 428 1833 natant,
464 1754 541 1839 quia
571 1752 681 1836 ipsum
710 1750 820 1816 oleum
850 1751 893 1816 de
922 1749 1066 1834 siugulis
1096 1749 1233 1815 resudat
1260 1749 1427 1830 articulis,
1461 1771 1527 1821 non
1558 1751 1599 1816 de
1628 1753 1753 1833 tumba;
1791 1778 1816 1819 .·

192 1893 357 1967 tamquam
380 1881 423 1944 de
446 1898 583 1961 corpore
606 1877 748 1943 bumana
772 1877 805 1939 in
829 1875 950 1941 balneo
975 1877 1077 1947 sudor
1101 1877 1142 1940 de
1165 1875 1256 1959 poris
1280 1876 1431 1958 guttatim
1455 1876 1603 1961 erumpit

326 2022 525 2099 Notandum,
557 2022 661 2107 quod,
691 2021 780 2083 sieut
801 2029 918 2084 ‘narrat
938 2021 1055 2103 passio
1068 2017 1106 2058 ³⁰⁹
1129 2020 1279 2084 eiusdem
1306 2020 1464 2105 uirginis,
1494 2039 1615 2105 eorpus
1638 2023 1755 2089 eiusa
1788 2028 1818 2090 7.

193 2152 319 2215 sanctis
343 2146 472 2232 augelis
501 2148 612 2211 statim
635 2156 714 2229 post
737 2146 915 2210 nmnirium
943 2147 980 2210 in
1009 2144 1222 2230 supercilium
1252 2146 1423 2210 cniusdam
1445 2145 1538 2211 Sinai
1569 2159 1622 2211 est
1650 2159 1755 2215 trans·

192 2272 292 2337 latum
317 2284 351 2336 et
374 2270 540 2337 collatum.
584 2270 667 2336 Cum
691 2279 799 2334 autem
824 2289 991 2354 querarem
1015 2271 1058 2334 de
1081 2268 1297 2336 translatione
1320 2273 1494 2335 demuma
1517 2272 1552 2334 in
1574 2273 1755 2355 predictam
1788 2279 1818 2341 8.

194 2395 390 2478 ecclesiam,
421 2397 502 2461 dixit
531 2394 609 2459 mibi
634 2396 751 2459 ductor
774 2415 886 2476 meus,
917 2395 972 2480 qui
1002 2416 1054 2461 me
1084 2396 1177 2459 duxit
1206 2414 1307 2481 super
1336 2396 1443 2480 ipsum
1473 2408 1635 2478 montem,
1667 2401 1755 2483 quod

193 2524 324 2609 quidam
347 2521 565 2603 heremitam,
587 2522 711 2586 sedens
734 2521 902 2587 solitarius
925 2523 959 2585 in
984 2522 1099 2586 eadem
1120 2532 1214 2605 parte
1235 2521 1358 2584 montis
1382 2520 1490 2601 Sinai,
1520 2522 1553 2584 in
1577 2520 1647 2586 aiio
1669 2521 1756 2588 coiie

193 2652 234 2715 ab
248 2649 319 2729 iilo,
338 2650 395 2714 ubi
413 2667 534 2731 corpus
553 2657 669 2711 sancte
687 2647 825 2731 uirginis
839 2646 995 2712 Katarine
1012 2646 1053 2712 ab
1072 2644 1202 2731 angelis
1221 2643 1374 2709 collatum
1394 2655 1457 2725 est,
1476 2645 1558 2720 uidit
1571 2643 1756 2732 frequenter

194 2787 261 2840 tam
284 2776 339 2839 die
363 2793 459 2858 quam
482 2783 580 2836 nome
603 2773 715 2856 igneus
738 2782 772 2836 et
792 2771 928 2836 multam
950 2770 1084 2836 luminis
1109 2770 1288 2836 claritatem
1310 2770 1345 2832 iu
1368 2768 1447 2834 loeo
1469 2781 1502 2834 et
1525 2771 1612 2835 circa
1635 2770 1755 2855 locum,

194 2901 250 2966 ubi
280 2911 431 2963 sanctum
461 2917 581 2981 corpus
612 2908 690 2961 erat.
742 2897 930 2961 Ammirans
957 2896 1073 2980 igitur,
1105 2896 1258 2979 quidnam
1289 2907 1398 2974 esset,
1430 2905 1463 2959 et
1490 2897 1667 2980 ignomns,
1698 2899 1754 2962 de·
1788 2905 1817 2966 0.

195 3024 325 3089 scendit
348 3023 388 3086 ad
414 3020 591 3086 ecclesium
613 3023 647 3085 in
671 3022 1042 3105 pedemontanam,
1071 3032 1106 3085 et
1136 3023 1298 3107 episcopo
1321 3019 1389 3086 loci
1412 3021 1504 3086 iliius
1528 3034 1562 3086 et
1583 3023 1755 3088 monacbis
1819 3051 1828 3065 ·

193 3152 359 3224 uisiones,
391 3167 477 3234 quas
500 3146 687 3233 frequenter
716 3148 816 3228 uidit,
846 3156 879 3211 et
902 3144 1030 3227 lucum,
1059 3147 1116 3212 ubi
1145 3148 1285 3227 uiderat,
1317 3147 1484 3211 indicauit.
1532 3146 1600 3232 Qui
1628 3150 1753 3213 indicto
1791 3152 1840 3216 10.

193 3274 317 3340 ieiunio
348 3284 382 3335 et
416 3271 571 3356 conplete
608 3273 642 3337 iu
676 3273 894 3357 processione
926 3271 1090 3338 humiliter
1125 3284 1157 3337 et
1193 3272 1388 3356 suppliciter
1421 3285 1565 3338 montem
1597 3274 1754 3341 heremita

193 3397 306 3461 iudice
329 3400 604 3464 conscenderunt.
651 3396 727 3484 Quo
756 3419 830 3467 eum
859 3396 1106 3482 peruenissent,
1138 3399 1421 3484 corpusquidem
1450 3400 1661 3482 inuenerunt,
1692 3401 1754 3467 sed
1791 3404 1851 3490 11.Ι

193 3525 306 3604 cuius,
337 3523 392 3590 uel
417 3526 504 3590 unde
527 3523 687 3604 ablatum,
715 3523 771 3589 uel
801 3544 901 3610 quare
929 3521 985 3587 uel
1012 3523 1143 3608 quando
1167 3522 1222 3589 uel
1245 3525 1408 3608 quomodo
1431 3524 1477 3587 ibi
1500 3525 1687 3609 depositum
1710 3527 1756 3590 sit

180 3635 403 3716 uehementer
425 3651 645 3728 ammirantes,
670 3650 746 3735 quia
770 3649 905 3733 penitus
931 3648 1136 3733 ignorabant.
1173 3647 1253 3712 Cum
1271 3658 1381 3713 autem
1399 3649 1544 3713 uniuersi
1563 3651 1614 3715 sic
1631 3663 1756 3716 starent
1791 3658 1841 3718 12.

194 3779 401 3842 ammirantes
425 3788 458 3841 et
481 3778 687 3859 ignorantes,
716 3773 808 3839 affuit
830 3774 961 3859 quidam
985 3773 1140 3837 heremita
1165 3774 1263 3837 etatis
1287 3783 1427 3852 mature,
1452 3794 1595 3858 persona
1617 3797 1754 3841 uenera-

193 3902 288 3984 bilis,
320 3905 360 3967 de
386 3895 600 3980 Alexandria,
632 3892 904 3986 quemadmodum
929 3897 1065 3965 Abacuc
1079 3898 1116 3936 ⁵¹¹
1139 3897 1297 3983 propbeta
1328 3898 1369 3962 ad
1393 3899 1566 3965 Danielem
1590 3903 1623 3965 in
1646 3903 1755 3967 lacum
1805 3939 1807 3943 ν

193 4026 342 4108 ieonum,
373 4030 434 4092 etsi
465 4047 530 4091 non
561 4047 619 4112 per
643 4025 800 4112 capillos,
829 4024 895 4090 buc
923 4026 964 4090 ad
989 4036 1131 4091 montem
1155 4025 1248 4123 §inei
1273 4024 1337 4088 Dei
1360 4029 1471 4110 gracia
1502 4040 1533 4092 et
1557 4024 1754 4093 miraculose

194 4152 417 4217 transmissus.
466 4150 532 4237 Qui
558 4151 677 4217 dubios
707 4148 916 4232 certibeauit,
947 4161 980 4214 et
1009 4149 1084 4230 boc„
1103 4171 1181 4216 esse
1210 4172 1332 4235 corpus
1363 4152 1459 4217 beate
1482 4152 1638 4227 Kateriue
1668 4122 1755 4220 clara
1790 4163 1840 4226 13.

301 4401 367 4470 506)
388 4403 539 4472 tiss-ibslt's]
561 4404 694 4458 turibulis.
713 4432 748 4443 —
767 4400 835 4470 507)
853 4401 1049 4472 meopbrrpttm]
1069 4403 1307 4469 operaepretium
1327 4411 1383 4468 est,
1409 4405 1636 4470 animadvertere,
1661 4403 1756 4458 Tbiat-

192 4524 294 4561 msrtrm
316 4516 403 4562 toturn
423 4524 520 4578 eorpus
541 4514 568 4564 in
587 4511 648 4564 sieo
667 4517 779 4570 natans,
806 4509 1002 4562 Ludoii'tiurde
1020 4507 1154 4576 Susbest,
1179 4512 1224 4577 qui
1243 4513 1334 4564 seculo
1354 4514 1468 4580 smpiius
1487 4520 1550 4580 post
1569 4509 1756 4565 'l'bietmsrrmt

194 4625 294 4670 terram
315 4625 436 4669 sanctam
456 4618 641 4685 perlustravit,
671 4625 754 4685 oapst
776 4625 878 4670 tastum
902 4623 931 4670 et
956 4632 1020 4670 ossa
1044 4619 1246 4670 seomim'sise
1262 4634 1342 4672 esrae
1358 4622 1385 4671 iu
1405 4635 1485 4686 capse
1504 4619 1622 4684 inclusa,
1650 4618 1756 4671 Robin-

193 4725 300 4775 sosium
320 4722 437 4789 denique
455 4727 556 4776 nostris
576 4727 741 4792 temporibus
760 4726 867 4778 nonuisi
887 4726 1008 4778 cranium
1026 4733 1055 4777 et
1077 4741 1157 4777 ansts
1175 4739 1281 4777 mansur
1305 4742 1372 4779 suro
1392 4728 1558 4793 gemmisque
1576 4732 1673 4777 ornata
1691 4741 1757 4777 con·

192 4833 325 4896 aperuisse.
353 4830 488 4884 Ludoiius
508 4833 588 4883 etism
608 4833 661 4886 olei
680 4834 811 4898 meminit,
832 4834 1020 4886 Robinsoniss
1036 4831 1103 4885 nibil
1122 4833 1151 4884 id
1165 4847 1252 4899 genus
1268 4837 1352 4886 norit.
1384 4833 1445 4885 Vid.
1459 4831 1603 4885 budellum
1621 4830 1756 4885 cxxxii

192 4937 501 5007 obmurmurantem
521 4943 532 4993 i
555 4939 613 4994 158.
633 4970 668 4981 -
688 4941 755 5010 508)
774 4943 830 4994 sine
848 4940 980 5011 urbique]
1005 4944 1064 4996 siue
1089 4942 1181 4995 dsbio.
1205 4972 1241 4985 -··
1264 4940 1330 5009 000)
1345 4941 1443 5013 pasis]
1468 4939 1583 4994 bistnris
1611 4941 1755 5007 passionis.

193 5048 240 5099 Cir
258 5048 400 5101 Robinson
420 5049 437 5100 1.
458 5065 481 5101 c.
500 5076 535 5088 -
555 5047 621 5115 500)
640 5048 776 5116 tuentia]
796 5052 916 5103 eremita.
935 5076 970 5091 -
989 5050 1055 5118 tlt)
1077 5048 1199 5120 Abante]
1216 5052 1356 5104 llabscsc.

1515 5148 1558 5202 6*
