4214 6096
1094 366 1152 425 110

239 570 271 619 56
412 542 456 605 Et
485 541 709 605 descendimus
734 564 793 629 per
821 544 925 625 viam,
957 565 1015 629 per
1044 565 1140 629 quam
1169 543 1334 608 descendit
1354 543 1503 609 Christus
1533 565 1603 607 cum
1626 543 1832 629 processione
1853 542 1888 606 in
1909 540 1961 605 die

239 672 270 720 st
290 658 457 724 oliuarum.
501 655 545 720 Et
567 660 713 721 venimus
735 658 778 722 ad
798 674 918 738 portam
938 682 1078 740 auream,
1107 681 1165 745 per
1188 681 1283 743 quam
1305 661 1438 724 intrauit
1460 660 1619 724 Dominus
1649 680 1723 723 cum
1745 658 1962 744 processione.

238 794 270 843 58
290 774 360 853 Quo
382 784 478 858 porta
500 785 548 836 est
570 772 611 836 ad
633 773 732 860 pedes
754 774 877 859 templi.

239 902 271 952 5⁹
411 888 540 953 Deinde
562 889 773 954 ascendentes
794 892 828 953 in
850 892 1026 972 ciuitatem,
1049 902 1083 953 vt
1104 892 1224 954 iremus
1246 892 1280 954 in
1301 889 1498 971 Bethlehem,
1522 891 1682 955 exiuimus
1704 900 1797 955 extra
1817 891 1851 953 in
1872 912 1962 954 mon·

238 1019 271 1069 tto
288 1016 352 1071 tem
375 1010 464 1084 Syos.
507 1006 551 1068 Bt
572 1008 753 1069 inuenimus
782 1018 876 1070 extra
899 1008 1064 1069 ciuitatem
1093 1006 1213 1069 fontem
1234 1012 1343 1086 Royel,
1373 1005 1428 1069 uhi
1449 1006 1510 1069 fuit
1532 1018 1620 1070 ortus
1642 1007 1769 1092 regius,
1797 1005 1854 1070 vbi
1872 1005 1961 1071 Ado·

288 1123 369 1203 nias,
393 1120 478 1184 filius
499 1120 609 1205 Agith,
632 1121 709 1184 feeit
731 1124 923 1202 conuiuium,
945 1144 1016 1185 cum
1039 1120 1135 1185 vellet
1157 1144 1304 1206 regnare.

237 1242 267 1293 61
411 1237 492 1300 Inde
524 1235 733 1322 procedentes
765 1259 823 1322 per
849 1240 936 1301 viam
944 1287 951 1319 ,
981 1261 1039 1324 per
1062 1260 1157 1324 quam
1179 1249 1336 1301 venerunt
1357 1239 1444 1322 magi
1473 1260 1584 1301 versus
1606 1236 1810 1313 Bethlehem,
1838 1241 1961 1304 iuueni·

238 1365 271 1418 et
289 1377 359 1419 mus
383 1352 499 1432 locum,
521 1351 577 1414 vbi
600 1350 693 1415 stella
712 1355 864 1438 apparuit
886 1356 940 1417 cis.
983 1354 1027 1417 Et
1048 1353 1092 1417 ibi
1116 1364 1163 1417 est
1185 1353 1322 1417 ecclesia
1342 1354 1376 1416 in
1397 1354 1584 1416 memoriam
1607 1352 1705 1418 stelle.

238 1448 271 1563 g}
411 1470 492 1532 Inde
519 1468 701 1531 inuenimus
728 1467 770 1530 atl
802 1482 939 1553 quatuor
969 1469 1109 1533 miliaria
1137 1471 1302 1550 martires,
1333 1467 1388 1531 vbi
1413 1469 1648 1553 transportauit
1669 1491 1724 1533 eos
1745 1468 1804 1534 leo.
1845 1468 1892 1533 Et
1913 1478 1962 1533 est

288 1585 335 1649 ibi
356 1584 586 1649 monasterium
606 1582 786 1668 pulchrum,
808 1583 864 1647 vbi
887 1584 1034 1648 habitant
1054 1583 1203 1648 monachi
1227 1584 1488 1650 Sarraceuorum.

238 1707 271 1757 65
412 1699 492 1764 inde
519 1701 665 1763 venimus
698 1701 730 1762 in
761 1699 899 1764 mediam
928 1703 1014 1764 viam
1046 1702 1128 1764 inter
1149 1698 1346 1765 iherusalem
1375 1711 1406 1762 ct
1432 1698 1620 1763 Bethlehem
1653 1698 1696 1762 ad
1729 1699 1833 1764 locum
1854 1698 1960 1780 Helie,

290 1839 386 1880 vnum
409 1815 543 1879 miliare.

238 1908 272 2024 ἓξ
413 1931 493 1996 Inde
520 1935 666 1996 venimus
698 1932 761 1995 duo
792 1931 931 1996 miliaria
961 1931 1002 1994 ad
1025 1936 1209 2010 seperlehram
1227 1933 1368 1992 Rachelis
1396 1931 1489 1993 iuxta
1512 1931 1596 1994 viam
1619 1930 1751 1998 Effrate.
1795 1928 1890 2011 Quod
1913 1952 1960 1993 se·

291 2047 459 2134 pulchrum
483 2071 579 2135 qnam
602 2048 717 2129 nobile,
741 2070 837 2131 quam
860 2050 1024 2134 antiquum
1048 2048 1098 2128 sit,
1121 2050 1227 2133 ipsum
1249 2068 1329 2131 opus
1351 2055 1494 2109 testatur.

240 2130 272 2247 gg
413 2163 492 2226 Inde
519 2165 666 2227 venimus
696 2163 739 2227 ad
761 2188 894 2242 caterpam
918 2168 1051 2225 cicerum.
1093 2163 1232 2243 Dicunt,
1260 2160 1361 2246 quod,
1390 2184 1461 2224 cum
1483 2163 1630 2228 Christus
1656 2162 1811 2225 transiret
1831 2160 1907 2227 inde
1929 2173 1961 2227 et

292 2290 439 2363 quereret
462 2302 481 2341 a
500 2279 686 2344 laboratore
709 2281 887 2343 seminante
909 2281 1023 2359 cicera,
1046 2278 1174 2342 dicens:
1196 2277 1306 2359 „Quid
1324 2277 1518 2340 seminas?“
1538 2278 1590 2342 ille
1606 2275 1787 2364 respondit:
1806 2278 1960 2360 „Semino

147 2380 152 2388 ¹
239 2376 272 2491 Ἄ)
288 2392 447 2479 lapides.“
489 2394 636 2459 Christus
659 2396 757 2459 dixit:
781 2395 846 2477 „Et
865 2394 990 2479 lapides
1014 2395 1214 2479 recolliges.“
1256 2393 1396 2472 Extunc,
1416 2406 1450 2456 vt
1472 2394 1598 2473 dicitur,
1622 2392 1720 2458 nichil
1745 2392 1791 2458 ibi
1813 2395 1959 2459 nascitur

288 2511 351 2573 nisi
375 2509 452 2574 dicti
473 2509 584 2596 lapilli.

921 2695 957 2757 V.
1000 2693 1064 2757 DE
1086 2693 1341 2758 BETHLEEM.

258 2854 267 2902 1
412 2841 493 2905 Inde
515 2845 660 2906 venimus
682 2843 715 2905 in
735 2849 896 2919 Bethleem,
921 2845 1084 2907 ciuitatem
1107 2841 1287 2929 pamniam,
1309 2842 1365 2908 vbi
1387 2856 1481 2906 natus
1496 2854 1545 2907 est
1565 2842 1719 2928 paruulus
1741 2841 1796 2906 ille
1812 2864 1958 2929 maguus.

255 2956 339 3028 albi
360 2958 542 3021 inuenirnus
564 2957 815 3043 pulcherrimam
837 2959 1005 3023 eeclesiam
1038 2958 1166 3022 dominc
1196 2971 1306 3022 nostre
1334 2967 1365 3021 et
1392 2961 1424 3021 in
1457 2958 1594 3022 eeclesia
1616 2958 1842 3035 diuersorium,
1873 2959 1960 3045 quod

289 3085 359 3137 erat
384 3074 440 3137 via
470 3075 583 3137 stricta
614 3073 670 3137 vbi
699 3097 740 3138 ex
768 3086 861 3160 parte
889 3098 954 3139 vna
983 3086 1052 3139 erat
1074 3097 1225 3161 presepe,
1263 3074 1318 3138 vbi
1340 3086 1516 3161 posuerunt
1535 3075 1729 3155 Dominum,
1761 3086 1794 3139 et
1820 3096 1861 3138 ex
1896 3074 1961 3139 aha

254 3178 272 3293 ᾗ
290 3200 383 3274 parte
404 3192 456 3251 vie
481 3197 552 3252 erest
572 3190 666 3275 quasi
689 3189 826 3275 quedam
850 3195 956 3277 cnlpta
979 3202 1010 3254 et
1032 3203 1160 3256 antrum
1181 3214 1370 3278 pauperum.
1413 3191 1457 3254 Et
1478 3190 1524 3254 ibi
1546 3189 1738 3254 habitabant
1758 3191 1877 3255 stricte.
1916 3191 1961 3256 Et

256 3304 335 3375 sibi
366 3314 415 3367 est
447 3302 565 3384 altare,
592 3304 645 3370 vbi
680 3308 806 3392 peperit
836 3307 967 3371 domina
994 3319 1115 3372 nostra.
1157 3308 1207 3372 lbi
1239 3309 1443 3394 predicantes
1471 3318 1503 3370 et
1531 3306 1732 3370 celebrantes
1752 3316 1783 3370 et
1805 3305 1961 3391 populum

290 3421 562 3485 communicantes
598 3432 671 3505 post
706 3424 875 3487 missarum
911 3423 1088 3510 solempnia
1121 3426 1301 3488 inuenimus
1337 3425 1371 3486 in
1399 3424 1548 3509 presepio
1578 3422 1829 3507 pulcherrimum
1858 3424 1961 3488 infau-

254 3547 370 3617 stem,
405 3535 504 3600 tilium
532 3537 728 3622 paupercule
749 3538 950 3620 Christiane,
988 3562 1049 3625 que
1081 3538 1251 3604 habitabat
1282 3540 1375 3603 iuxta
1406 3538 1587 3603 ecclcsIam.
1629 3538 1672 3602 Et
1699 3540 1734 3602 in
1764 3561 1802 3603 eo
1822 3538 1961 3605 letantes

287 3652 494 3717 adorauimus
523 3652 686 3717 Christum
717 3667 827 3719 natum
854 3667 886 3719 et
913 3654 956 3720 ad
985 3655 1115 3720 modum
1144 3678 1311 3741 magorum
1345 3655 1480 3741 paruulo
1515 3655 1628 3718 dantes
1657 3676 1790 3718 munera
1819 3654 1962 3721 reddidi-

289 3791 360 3833 mus
383 3771 488 3833 matri.

256 3902 270 3950 t
413 3884 493 3948 lude
516 3884 740 3951 descendimus
763 3887 806 3951 ad
828 3895 920 3951 locem
938 3901 1110 3968 pastorum,
1134 3889 1187 3974 qui
1218 3898 1309 3952 erant
1335 3889 1369 3951 in
1391 3888 1522 3972 regione
1544 3886 1656 3949 eadem
1678 3888 1712 3950 in
1734 3887 1834 3950 tercio
1856 3887 1960 3952 milia·

255 4000 338 4065 trio
359 3999 562 4064 aBethleem.
605 4001 656 4066 lbi
679 4005 780 4067 estin
803 4006 1010 4080 memoria33)
1033 4005 1369 4091 pastorumlmaxima
1388 4005 1482 4066 ruina
1507 4001 1731 4083 ecelesiarum,
1753 4024 1815 4087 quc
1829 4004 1961 4068 filerunt

254 4114 335 4179 sibi
362 4113 518 4178 edificate.
561 4116 611 4179 lbi
639 4119 730 4182 iuxta
760 4119 823 4184 duo
847 4120 986 4184 miliaria
1008 4131 1057 4184 est
1078 4125 1190 4181 viculus
1211 4119 1262 4185 vel
1295 4126 1394 4181 casale
1411 4124 1646 4198 prophetarum,
1675 4118 1730 4204 qui
1751 4130 1961 4183 occurrerunt

289 4230 384 4296 Helie
405 4242 435 4294 et
456 4230 599 4313 llelisee,
622 4244 652 4296 et
675 4233 844 4299 dixerunt:
867 4242 981 4315 ,Jlorlie
1004 4244 1122 4298 tolletur
1140 4240 1274 4297 dmreitrus
1295 4248 1361 4296 tuus
1379 4259 1397 4294 u
1421 4234 1543 4309 te!“³⁴)

242 4373 271 4423 ιθ
412 4362 492 4427 lnde
513 4365 723 4429 ascendentes
747 4370 922 4452 perviam,
947 4392 1008 4455 que
1030 4368 1119 4432 ducit
1141 4369 1174 4431 in
1197 4366 1377 4442 Bethleem,
1400 4389 1458 4452 per
1482 4366 1583 4444 viam,
1605 4387 1664 4450 per
1685 4386 1782 4449 quam
1804 4378 1961 4431 venerunt

239 4507 268 4557 11
290 4489 437 4566 pastores
465 4490 496 4542 et
524 4502 583 4564 per
611 4502 708 4565 quam
735 4483 881 4548 ascendit
909 4484 1028 4570 loseph
1057 4507 1130 4548 cum
1162 4483 1269 4547 Maria
1290 4505 1392 4546 vxore
1425 4490 1620 4568 pregnante,
1645 4482 1825 4545 inuenimus
1856 4503 1961 4568 prope

290 4593 455 4659 Bethleem
483 4594 606 4677 locum,
636 4596 692 4660 vbi
711 4596 816 4661 Maria
837 4608 869 4661 et
888 4600 1006 4685 loseph
1030 4602 1223 4686 quieuerunt
1243 4600 1321 4662 fossi
1343 4608 1374 4661 et
1397 4597 1561 4662 sitibundi.
1600 4596 1651 4660 lbi
1675 4596 1884 4661 ostenderunt
1904 4620 1961 4663 no·

289 4710 339 4774 bis
361 4721 508 4796 puteum,
540 4733 634 4797 quem
656 4711 806 4777 dicebant
829 4716 1014 4779 exercuisse
1035 4737 1136 4801 usque
1158 4715 1200 4778 ad
1223 4737 1380 4778 summum
1402 4726 1433 4777 et
1455 4713 1583 4777 dedisse
1606 4723 1717 4799 potum
1739 4713 1861 4798 virgini
1888 4735 1962 4799 pre·

240 4851 270 4900 12
288 4827 401 4908 guanti
423 4837 454 4889 et
477 4850 535 4891 suo
561 4850 688 4914 sponso,

411 4958 490 5022 Inde
513 4959 760 5023 reascendentes
782 4962 815 5024 in
830 4959 1005 5038 ,Bethleem
1028 4985 1127 5046 vsque
1151 4962 1193 5026 ad
1224 4963 1329 5026 locum
1351 4962 1529 5025 natiuitatis
1552 4963 1734 5026 inuenimus
1754 4965 1847 5025 iuxta
1860 4959 1961 5026 eecle-

289 5073 370 5136 siam
392 5073 520 5138 domine
541 5085 650 5139 nostre
672 5075 846 5163 palacium,
868 5075 924 5140 vbi
946 5076 1059 5141 beatus
1072 5079 1251 5141 leronimus
1272 5077 1436 5141 transtulit
1458 5077 1567 5159 libros,
1591 5087 1622 5141 et
1645 5077 1762 5153 sedem,
1791 5078 1847 5141 vbi
1869 5077 1959 5142 sede·

240 5208 270 5258 13
288 5185 360 5266 bat,
383 5188 541 5253 stlocum
565 5190 825 5271 dormicionis³⁵)
849 5202 959 5257 sancte
980 5192 1091 5256 Paule.

412 5319 492 5383 lnde
522 5321 709 5405 redeuntes,
737 5335 772 5388 vt
799 5326 920 5389 iremus
949 5324 991 5388 ad
1020 5324 1150 5389 domurn
1171 5326 1347 5407 Zacharie,
1373 5327 1428 5412 qui
1456 5324 1625 5391 habitabat
1647 5337 1740 5390 extra
1761 5326 1961 5393 [herusalem

353 5539 404 5607 33)
425 5539 570 5612 memoria]
593 5544 770 5603 memoriam.
1209 5548 1258 5616 35)
1281 5543 1475 5618 dorrraieionia]
1504 5544 1609 5604 obitus.
1652 5543 1697 5604 cf.
1720 5544 1883 5604 Robinsoui
1904 5545 1965 5603 Pa·

349 5636 400 5706 34)
422 5633 497 5711 Reg
519 5635 549 5693 ll
572 5636 649 5710 (lv).
673 5644 699 5713 2,
722 5646 748 5702 3.
1146 5640 1271 5700 laestina
1294 5642 1332 5702 11.
1355 5645 1423 5705 380.
