4214 6096
1126 359 1167 421 30

258 566 292 615 25
432 532 496 598 Hic
517 544 603 616 nota,
625 533 712 621 quod
733 536 846 618 Olmm,
868 534 953 599 iilius
975 535 1054 614 Noe,
1075 536 1187 619 genuit
1209 534 1366 601 Chanaan
1387 545 1461 622 post
1482 535 1647 602 diluuium.
1691 538 1849 604 Chanaan
1871 548 1979 605 autem

309 650 421 734 genuit
443 647 613 732 Sidonem,
640 651 889 736 primogenitum
911 669 1022 733 suum,
1048 649 1188 716 Etheum
1211 662 1242 716 et
1261 651 1432 718 Iebuseum
1460 664 1491 718 et
1512 654 1722 736 Amomeum,
1744 654 1980 739 Gergaseuw)

312 774 343 828 et
364 763 491 828 Eueum
514 776 546 828 et
567 765 766 849 Aracheum,
790 767 921 831 Sineum
943 779 975 831 ct
995 767 1170 849 Aradium,
1202 768 1392 834 Samaroum
1414 777 1446 833 et
1466 769 1703 847 Amatheumb).
1744 769 1788 834 Et
1809 792 1869 856 per
1888 769 1980 849 hos‘)

309 879 508 944 disseminati
529 892 602 944 sunt
625 882 737 968 populi
759 882 1015 949 Chananeorum.
1057 884 1111 948 Ex
1133 884 1196 971 hijs
1218 884 1266 949 XI
1287 883 1362 949 filiis
1385 883 1541 950 Chsnsan
1563 895 1710 971 quatuor,
1732 885 1856 950 scilicet
1877 883 1981 951 Sidon

307 997 552 1081 primogenitum
571 998 625 1082 qui
648 996 810 1061 edificauit
833 996 995 1079 Sidonem,
1018 1009 1050 1063 ct
1071 1000 1250 1083 Arscheus,
1273 1002 1329 1087 qui
1350 999 1497 1064 Arachas
1520 998 1684 1082 condidit,
1708 1011 1740 1064 et
1761 1000 1893 1082 Sinena,
1922 1001 1980 1087 qui

307 1109 496 1196 Synochim,
519 1121 550 1175 et
564 1112 717 1193 Aradius,
741 1115 796 1196 qui
817 1115 921 1177 eciam
935 1113 1095 1178 Aradium
1116 1115 1269 1197 condidit,
1290 1126 1325 1178 ut
1347 1115 1467 1180 dictum
1489 1128 1538 1180 est
1559 1137 1658 1201 supra
1672 1116 1742 1195 ¹⁰²);
1766 1152 1806 1164 -
1827 1124 1978 1203 quatuor,

309 1227 460 1313 inquam,
492 1227 544 1291 isti
565 1238 753 1292 manserunt
778 1229 810 1291 in
834 1238 921 1292 terra
941 1231 1004 1293 ista
1026 1231 1113 1293 eirca
1133 1232 1328 1316 principium
1350 1231 1485 1313 Libani,
1516 1242 1550 1295 ut
1571 1242 1678 1317 patet,
1711 1232 1854 1319 reliquos
1873 1240 1982 1296 autam

307 1351 443 1429 septem,
467 1343 590 1408 scilicet
611 1343 767 1426 Etheum,
788 1343 973 1423 Iebuseum,
997 1344 1205 1427 Amorrcum,
1229 1347 1437 1429 liergeseum,
1458 1346 1602 1429 Eucum,
1623 1347 1808 1412 Aracbaum
1829 1346 1982 1412 1111111111-

307 1458 415 1522 tlreum
438 1459 605 1546 reliquisti,
627 1460 1131 1543 1)(111111111113),1111111111,
1162 1472 1198 1524 ut
1216 1461 1374 1526 haberent
1396 1461 1658 1526 consuetudinem
1675 1462 1846 1549 preliandi.
1887 1462 1981 1527 Pira-

307 1574 410 1639 mides
439 1585 545 1640 autem
580 1579 714 1640 istormu
740 1585 878 1662 quatuor
895 1579 948 1653 ¹⁰⁴)
983 1587 1014 1641 et
1045 1575 1195 1663 sepulcra
1223 1576 1435 1643 ostenduntur
1467 1578 1564 1643 hodie
1594 1580 1677 1643 eitra
1704 1577 1906 1643 Anteradum
1938 1576 1983 1642 ad

306 1713 404 1755 unam
433 1689 557 1756 leucam
588 1701 777 1776 sumptuosa
798 1693 893 1755 nimis
921 1704 954 1758 et
975 1691 1133 1778 stupende
1154 1693 1399 1778 magnitudinis.
1442 1694 1588 1780 Lapides
1613 1694 1728 1775 uidi0),
1756 1696 1790 1758 in
1811 1695 1859 1759 eis
1880 1700 1982 1768 lmen-

306 1809 419 1872 suraui
442 1809 526 1872 enim
550 1806 704 1894 lapidem)
725 1808 841 1892 uiginti
864 1822 1003 1894 quatuor
1023 1808 1121 1895 pedes
1134 1808 1163 1885 ¹)
1185 1806 1299 1894 longos
1322 1819 1355 1873 et
1374 1809 1457 1874 latos
1479 1820 1511 1873 et
1532 1811 1654 1896 spissos
1676 1809 1718 1872 ad
1742 1822 1901 1875 staturam
1922 1809 1979 1876 lio·

307 1924 403 1988 minis
425 1923 507 1988 bene
528 1923 627 2008 longi,
649 1925 696 1987 ita
719 1934 754 1988 ut
776 1934 889 2011 stupor
911 1925 952 1988 sit
972 1923 1094 1989 uidere.
1137 1923 1369 1989 Miraculosum
1391 1924 1502 2006 ualde,
1530 1925 1690 2013 quomodo
1713 1928 1794 2013 erigi
1818 1928 1983 2014 potuerint

307 2039 358 2105 uel
380 2041 414 2105 in
435 2039 561 2105 edificio
582 2039 746 2105 collocari.

255 2212 287 2262 27
431 2190 462 2253 A
482 2189 583 2253 latere
602 2188 762 2253 Anteradi
784 2187 828 2252 ad
849 2187 1017 2252 dimidiam
1039 2187 1165 2253 leucam
1186 2199 1299 2253 contra
1321 2191 1477 2254 orientem
1503 2200 1576 2254 sunt
1595 2201 1748 2256 montana
1769 2190 1911 2278 quedam
1923 2192 1981 2269 115)

306 2327 372 2370 non
392 2304 526 2370 multum
548 2305 615 2370 alta
635 2327 695 2370 nce
716 2304 968 2382 inaccessibilia,
996 2316 1031 2367 ut
1053 2303 1184 2390 quidam
1207 2304 1327 2369 dicunt.
1371 2306 1443 2387 Quo
1464 2316 1553 2372 terra
1575 2307 1844 2385 Assissinorum⁸)
1868 2305 1980 2372 dicun·

306 2433 360 2486 tur
381 2433 413 2486 et
435 2433 517 2488 sunt.
562 2422 614 2485 De
635 2423 700 2485 ritu
722 2423 857 2485 istorum
881 2432 911 2485 et
932 2420 1075 2485 moribus
1098 2419 1183 2484 inira
1204 2421 1331 2507 plenius
1354 2421 1489 2491 dicetur.

255 2588 288 2638 28
430 2570 467 2635 ln
487 2570 653 2636 Anterado
682 2571 795 2635 beatus
816 2572 932 2635 Petrus
961 2570 1062 2634 multo
1082 2582 1226 2656 tempore
1248 2570 1430 2655 predicauit
1444 2574 1514 2654 ¹⁰⁶),
1542 2594 1614 2636 cum
1636 2569 1840 2635 Antiochiam
1864 2593 1980 2658 perge·

305 2699 370 2768 rot,
403 2689 484 2751 sicut
513 2690 545 2751 in
581 2686 724 2751 alueario
749 2685 923 2752 Clementis
937 2688 992 2764 ¹⁰⁷)
1022 2685 1148 2772 legitur.
1191 2685 1234 2750 Et
1263 2685 1411 2752 Clemens
1440 2686 1560 2751 ibidem
1586 2696 1722 2750 matrem
1752 2688 1883 2772 reperit.
1926 2685 1978 2753 Ibi

305 2805 408 2867 eciam
430 2802 544 2867 beatus
566 2804 682 2868 Petrus
705 2803 846 2889 primam
868 2802 1038 2867 ecclesiam
1065 2804 1098 2866 in
1125 2801 1246 2867 honore
1268 2800 1362 2866 beate
1389 2804 1526 2887 uirginis
1549 2803 1740 2866 construxit.
1784 2800 1857 2881 Que
1879 2800 1977 2866 hodie

305 2930 482 3004 permanet.
524 2919 562 2982 In
581 2918 644 2983 hac
665 2941 725 3004 ego
746 2915 908 2982 celebraui
929 2920 1070 2993 missam,
1093 2939 1168 2981 nam
1192 2941 1250 2982 sex
1273 2917 1386 2982 diebus
1408 2916 1455 2980 ibi
1477 2918 1560 2982 steti.

254 3084 287 3134 19
429 3068 482 3131 De
500 3067 667 3132 Antarado
690 3078 814 3152 septem
829 3067 884 3143 ¹⁰⁵³)
906 3064 1006 3130 leucis
1028 3077 1077 3130 est
1100 3077 1242 3131 castrum
1265 3073 1410 3146 Maryotlr
1425 3068 1498 3144 ¹⁰⁹),
1520 3067 1655 3131 fratrum
1678 3063 1850 3152 hospitalis
1874 3067 1979 3132 sancti

304 3182 458 3247 iohannis
472 3184 538 3263 ¹¹⁰),
559 3205 659 3268 supra
679 3183 843 3247 ciuitatem
864 3181 1036 3246 Ualaniam
1050 3184 1124 3264 ¹¹¹),
1152 3205 1211 3269 per
1232 3205 1330 3247 unam
1355 3182 1481 3246 leucam
1499 3183 1623 3247 distans
1647 3206 1666 3246 a
1688 3184 1788 3265 mari,
1820 3184 1980 3247 munitum

307 3296 403 3361 ualde
426 3307 458 3361 et
485 3298 518 3361 in
540 3297 827 3363 montealtissimo
851 3300 954 3361 situm.
998 3295 1099 3362 Sedes
1121 3297 1330 3384 episcopalis,
1365 3320 1426 3384 que
1449 3308 1519 3363 erat
1540 3302 1575 3362 in
1595 3297 1752 3382 Ualania,
1778 3309 1913 3385 propter
1934 3300 1981 3363 in·

373 3508 401 3575 a)
419 3522 557 3557 erroreum
576 3522 626 3574 peu
644 3522 777 3574 permiserit
796 3511 822 3557 et
838 3520 929 3556 eueuru
948 3504 988 3559 St.
1009 3534 1037 3543 -
1064 3504 1093 3573 b)
1112 3503 1261 3559 Verberet
1278 3505 1388 3559 Siaemu
1406 3535 1438 3544 —
1457 3480 1618 3559 riamtlremu
1634 3522 1686 3558 om.
1706 3503 1746 3560 St.
1765 3535 1798 3544 —
1822 3508 1849 3577 c)
1860 3522 1916 3575 per
1931 3505 1982 3559 lios·

444 3588 477 3641 St
496 3587 520 3642 h.
544 3596 610 3657 port
635 3589 700 3642 doec
719 3588 842 3659 Vulgata
859 3588 928 3643 Gen.
948 3585 983 3640 X.
1008 3593 1046 3642 18.
1074 3617 1104 3628 -
1129 3588 1158 3657 d)
1175 3588 1288 3657 reliquit
1303 3589 1440 3643 Domimrs
1458 3589 1484 3642 h.
1507 3588 1583 3654 reliq.
1603 3588 1666 3641 Drie
1683 3586 1722 3641 St.
1751 3620 1783 3630 -
1810 3592 1835 3653 e)
1853 3588 1983 3658 lapideus

441 3673 471 3724 ir
488 3673 526 3725 eia
545 3673 584 3727 st.
603 3702 636 3711 —
653 3671 679 3743 f)
692 3675 790 3744 pedem
808 3672 905 3742 longos
925 3669 964 3725 st.
984 3702 1015 3711 —
1035 3671 1065 3743 g)
1082 3691 1228 3739 neruorum
1245 3672 1286 3727 st.

371 3871 440 3940 102)
463 3877 495 3925 111
516 3869 624 3927 dictum
645 3880 689 3927 eut
709 3871 812 3944 supro]
835 3869 854 3945 ξ
878 3873 924 3930 25.
1230 3872 1300 3941 1118)
1325 3870 1368 3926 Ile
1383 3868 1537 3925 Anterado
1551 3868 1668 3943 sepierit]
1689 3867 1801 3926 'I'otum
1815 3867 1892 3927 hunc
1908 3867 1983 3927 Bur·

376 3969 444 4041 103)
467 3967 615 4043 reliquisti
641 3969 775 4043 Domine]
809 3968 996 4047 Quamquam
1022 3968 1124 4027 vocab.
1167 3966 1268 4025 eliardi
1289 3968 1400 4040 locum,
1428 3967 1478 4046 qui
1507 3968 1603 4046 pergit
1623 3986 1716 4046 usque
1738 3965 1776 4024 ad
1798 3966 1905 4026 verba:
1934 3987 1983 4025 us·-

304 4064 454 4141 reliquisti
487 4085 545 4122 non
578 4065 680 4144 liquet,
712 4066 888 4125 vocabulum
913 4068 1035 4125 Domine
1057 4067 1124 4146 plus
1166 4086 1220 4142 que
1242 4068 1284 4124 od
1303 4066 1498 4139 Antiochiam,
1519 4064 1622 4124 iisdem
1644 4065 1741 4125 verbis
1763 4066 1833 4123 citat
1855 4076 1884 4126 et
1905 4086 1982 4125 com·

306 4165 485 4222 auctoritatis
507 4162 615 4223 habere
639 4162 806 4235 videbatur,
828 4174 857 4223 et
878 4165 1054 4224 vocabulum
1077 4186 1123 4222 re·
1165 4174 1312 4223 mentatur
1333 4163 1460 4222 Rittenrs
1473 4162 1568 4221 XVII
1587 4165 1638 4236 (1).
1656 4168 1713 4225 887
1726 4186 1768 4244 sq.

307 4264 357 4340 liq.
388 4284 410 4322 s.
438 4262 556 4338 reliquit
592 4263 627 4325 in,
650 4264 798 4340 reliquisti
829 4264 1044 4324 emendandum
1072 4264 1123 4323 du·
1232 4268 1300 4335 109)
1323 4263 1477 4336 liemaro]
1499 4282 1602 4321 recens
1624 4262 1768 4336 Marktib,
1796 4262 1983 4333 til-Morkab,

305 4362 410 4421 ximus.
1167 4360 1304 4420 illarkab.
1346 4360 1383 4420 V.
1404 4359 1496 4418 Ritter
1516 4360 1611 4419 XVII
1634 4364 1685 4433 ll).
1708 4364 1878 4422 882-884.

373 4465 441 4531 104]
460 4460 626 4534 piramides
652 4471 747 4519 nutem
770 4463 891 4519 istorum
914 4462 1051 4538 quotuor]
1080 4481 1124 4519 so·
1233 4466 1300 4532 110)
1327 4465 1467 4533 fratrum
1502 4460 1658 4535 hospitalis
1696 4460 1795 4516 11111111
1827 4460 1981 4536 Iohannis]

307 4558 411 4639 pulcra
429 4556 563 4628 Sidonis,
583 4558 747 4628 Arachaei,
770 4558 869 4618 Sinaei
891 4572 920 4619 et
943 4560 1064 4637 Aradii,
1088 4560 1125 4619 de
1167 4560 1255 4616 Anno
1283 4562 1358 4617 1885
1380 4579 1398 4616 a
1421 4557 1573 4618 Calavuuo
1595 4558 1717 4616 Sultano
1740 4565 1827 4637 capta
1846 4569 1892 4617 est
1906 4557 1985 4617 Mar·

306 4657 413 4737 quibus
434 4678 462 4718 v.
484 4656 579 4715 Ritter
599 4656 693 4715 XVII
715 4662 724 4717 l
733 4662 758 4731 1]
782 4664 841 4718 8511
863 4679 936 4737 sqq,
958 4659 1008 4717 ubi
1022 4681 1050 4739 p.
1066 4664 1124 4720 858
1166 4657 1244 4735 gath.
1288 4656 1376 4728 Quod
1396 4678 1484 4735 quum
1507 4659 1547 4715 ita
1569 4659 1621 4730 sit,
1649 4667 1774 4736 apparet
1799 4656 1872 4715 haec
1891 4656 1984 4717 verba

308 4758 372 4835 ipsa
394 4754 556 4815 Burchardi
575 4755 667 4815 verba
688 4758 819 4817 citantur.
1168 4766 1236 4815 unte
1260 4776 1368 4813 aunum
1396 4760 1470 4816 1285
1495 4757 1603 4835 scripta
1624 4776 1696 4815 esse.
1735 4755 1771 4815 V.
1786 4755 1908 4815 Wilken
1927 4757 1982 4817 Kr.

371 4860 530 4923 11511111
558 4864 700 4912 retortorio
723 4856 875 4932 quaedam]
905 4856 991 4914 Nunc
1013 4855 1125 4914 Ilscbo·
1168 4854 1238 4913 VII.
1261 4857 1431 4917 688-682.

306 4953 355 5013 bel
389 4952 532 5012 Sclm'rah
568 4975 590 5013 s.
623 4965 737 5013 montes
770 4955 913 5014 ismaelis.
965 4956 1000 5016 V.
1031 4956 1126 5014 Ritter
1233 4958 1302 5026 111)
1333 4974 1427 5029 supro
1466 4954 1613 5013 ciuitatem
1652 4954 1821 5028 Ualeriam]
1858 4950 1983 5013 Constat

306 5050 399 5109 XVII
421 5054 474 5127 (1).
498 5058 545 5113 30.
569 5056 636 5114 8111.
1165 5072 1263 5112 arcem
1282 5051 1418 5129 Margath
1443 5051 1481 5110 ab
1503 5052 1573 5112 urbe
1593 5053 1722 5112 Valanis
1743 5054 1875 5130 (antiqua
1896 5051 1983 5110 Bala-

372 5155 439 5223 106)
461 5152 562 5209 beatur
576 5155 688 5211 Petrus
706 5152 887 5228 predicaret}
911 5153 958 5211 De
981 5152 1036 5210 lroc
1050 5152 1122 5211 Bur·
1164 5151 1699 5226 1111111111811111111111111111)
1722 5150 1890 5222 meridiem,
1922 5170 1982 5211 non
2049 5189 2051 5193 .

307 5245 408 5305 ohardi
430 5248 494 5306 loco
517 5249 632 5310 disserit
653 5251 748 5311 Ritter
769 5250 862 5309 XVII
883 5253 935 5325 (l).
960 5255 1027 5312 863.
1164 5252 1390 5330 septentrionem
1415 5271 1516 5310 versus
1539 5258 1679 5329 spectare.
1722 5250 1822 5309 Unum
1844 5269 1983 5328 parasan-

374 5351 442 5418 107)
470 5347 501 5404 im
529 5351 665 5409 olueario
697 5350 860 5426 Clementia]
888 5347 1124 5422 (1111111011-
1164 5370 1248 5427 gam,
1271 5354 1307 5410 30
1332 5348 1435 5419 stadia,
1458 5354 1475 5409 8
1497 5350 1640 5422 milliaria,
1666 5346 1720 5428 lit
1741 5348 1828 5408 horas
1845 5348 1983 5427 Margath

306 5443 412 5503 mentis
434 5442 564 5521 Recogn,
586 5448 656 5508 VII.
683 5458 706 5511 1.
730 5454 747 5511 2
775 5472 804 5530 p.
832 5454 887 5510 156
915 5447 960 5507 ed.
983 5446 1123 5507 Gersdor·
1165 5447 1333 5507 aUalania
1354 5446 1458 5506 abesse
1480 5448 1594 5506 dicitur.
1638 5449 1761 5506 Flumen
1783 5448 1902 5529 quidem
1923 5449 1983 5506 Va·

307 5550 402 5609 tianae
431 5548 535 5608 Petrus
570 5545 690 5607 biduum
718 5558 831 5608 tantum
862 5547 1006 5608 Antaradi
1034 5547 1122 5604 fuisse
1164 5547 1242 5606 lania
1269 5547 1355 5620 infro
1378 5547 1530 5605 castellum
1551 5545 1686 5624 Margath
1709 5548 1796 5606 intrat
1816 5567 1906 5608 mare.
1943 5545 1982 5607 V.

307 5648 436 5721 dicatur,
459 5648 557 5707 nescio
580 5646 650 5724 quid
673 5648 709 5706 sit
731 5650 897 5707 alvearium
923 5647 1086 5707 Cleruentis,
1164 5645 1257 5705 Ritter
1277 5644 1372 5703 XVII
1390 5646 1441 5715 (ll.
1465 5650 1531 5706 tot.
