4214 6096
736 1203 1138 1308 trorum

922 1457 950 1516 S.

226 1696 396 1771 Tandem
433 1694 635 1794 aliquando
661 1693 844 1794 Magistro
873 1696 1090 1773 Thietmaro
1126 1711 1163 1773 et
1197 1695 1419 1771 Wilbrando
1458 1694 1504 1770 de
1537 1693 1770 1793 Oldenborg,

99 1874 194 1945 quos
220 1847 337 1922 lustro
361 1861 398 1922 et
423 1845 574 1945 longius
598 1857 685 1919 ante
712 1844 913 1943 emisimus,
941 1846 1077 1922 addere
1099 1847 1258 1946 contigit
1283 1845 1543 1921 Burohardum
1566 1846 1612 1921 de
1640 1845 1776 1932 Monte¹

100 1995 202 2093 Sion,
220 1997 418 2072 Ricoldum
438 1997 483 2071 de
499 1995 627 2071 Monte
644 1996 785 2092 Crucis,
807 1995 1010 2072 Odoricum
1028 1997 1074 2073 de
1089 1999 1188 2073 Foro
1205 1997 1302 2092 Iulii,
1319 1995 1477 2096 denique
1493 1994 1768 2089 Wilbrandum,

99 2147 244 2222 iteratis
267 2150 364 2223 curis
390 2148 541 2223 editum.
591 2146 761 2237 Quorum
783 2146 846 2245 qui
869 2147 1043 2250 princeps
1070 2164 1136 2246 est,
1163 2146 1421 2241 Burohardus,
1444 2146 1770 2246 peregrinatorum

102 2298 215 2372 medii
243 2300 337 2395 aevi,
365 2298 404 2373 id
432 2297 533 2398 quod
554 2297 650 2371 inter
672 2323 814 2376 omnes.
829 2312 987 2393 constat,
1012 2308 1206 2389 κορυφαῖος,
1236 2299 1407 2399 quamvis
1430 2297 1678 2398 geographis,
1706 2295 1771 2394 qui

101 2474 199 2524 nunc
226 2449 274 2523 ad
300 2449 554 2524 Palaestinam
580 2447 850 2546 explorandam
875 2475 915 2523 se
943 2451 1244 2549 applicaverunt,
1280 2449 1455 2526 omnibus
1481 2448 1700 2523 notissimus
1733 2458 1770 2520 et

102 2600 214 2674 vicies
240 2600 400 2699 amplius
427 2598 547 2673 editus
575 2598 632 2693 sit,
659 2598 739 2697 ipse
766 2612 902 2693 tamen,
930 2600 1031 2699 quod
1048 2591 1117 2674 'vix
1141 2600 1337 2697 credibile,
1356 2590 1516 2826 'us
1543 2597 1707 2673 nondum
1731 2595 1771 2668 in

102 2751 223 2826 lucem
244 2751 402 2851 prodiit,
432 2750 536 2824 cuius
562 2748 698 2822 umbra
719 2762 866 2823 tantum
891 2764 928 2825 et
954 2750 1082 2850 imago
1110 2750 1371 2825 deformatae
1447 2731 1565 2825 ¹¹nos
1601 2748 1771 2845 aliosque

101 2902 238 2977 luserit
291 2899 574 3001 Staphorstiauo
602 2899 762 2995 demum,
788 2900 851 2998 qui
869 2900 1084 3002 Hamburgi
1106 2914 1328 2997 asservatur,
1355 2901 1475 2976 codici
1501 2899 1658 2975 debetur
1678 2899 1772 2973 Bur·

104 3051 261 3128 ahardus
294 3052 478 3151 genuinus
511 3066 549 3124 et
579 3050 824 3150 incorruptus.
883 3051 981 3127 Ecce
1013 3053 1128 3152 igitur
1156 3053 1435 3147 thesaurorum,
1470 3051 1605 3150 quibus
1635 3048 1771 3124 biblio·

104 3204 210 3279 theca
239 3202 526 3301 hamburgensis
558 3200 711 3300 publica
736 3203 887 3301 gaudet,
914 3230 1053 3278 novum
1086 3203 1292 3304 specirnenl
1334 3204 1457 3302 Atque
1494 3201 1589 3275 haec
1621 3198 1772 3298 quidem

105 3380 214 3429 causa
241 3352 462 3448 accedebat,
497 3378 563 3427 cur
584 3351 755 3450 equidem
781 3346 1081 3454 Hamburgensis
1106 3382 1184 3430 non
1207 3355 1329 3430 solum
1354 3352 1495 3427 itineris
1522 3349 1772 3451 descriptioni,

107 3505 167 3580 sed
198 3504 311 3579 etiam
345 3502 444 3579 vitae
469 3502 675 3576 Burchardi
708 3504 1020 3604 pervestigandae
1044 3531 1130 3580 cum
1156 3532 1303 3580 summa
1329 3504 1444 3579 animi
1471 3517 1507 3578 et
1534 3501 1772 3577 contentione

109 3670 140 3729 et
171 3653 422 3730 oblectatione
444 3652 709 3728 incumberem.
768 3653 958 3730 Laetabor
985 3656 1167 3755 profecto,
1194 3657 1236 3751 si,
1259 3682 1360 3756 ¹quae
1388 3655 1433 3729 de
1460 3670 1584 3755 gente,
1610 3652 1772 3747 nomine,

108 3818 268 3906 tempore
308 3803 498 3903 scriptoris
540 3802 633 3877 mihi
671 3803 801 3879 videor
830 3807 1061 3905 explorasse,
1101 3806 1245 3882 idoneis
1279 3798 1463 3881 iudicibus
1501 3803 1771 3905 probabuntur.

108 3953 206 4031 Haec
231 3956 413 4030 hocloco
441 3954 487 4029 de
518 3953 735 4029 Burohardo
764 3956 918 4053 'quidem
954 3958 1156 4054 sufficiant,
1190 3957 1299 4057 plura
1332 3956 1572 4056 exposuimus
1603 3954 1642 4027 in
1665 3977 1773 4052 prae-

109 4105 260 4202 fatione,
300 4131 413 4204 quam
450 4104 546 4179 libro
581 4105 654 4204 ipsi
683 4107 961 4204 praemisimus,
995 4109 1159 4208 speciah.
1218 4108 1303 4182 Hoc
1336 4121 1482 4182 tantum
1516 4105 1652 4180 addere
1687 4116 1724 4177 et
1750 4128 1774 4175 a

108 4257 207 4333 vobis
235 4270 359 4331 vestra
383 4281 477 4356 pace
499 4271 626 4355 petere
653 4254 780 4331 liceat:
804 4259 1061 4334 Burohardum
1087 4285 1212 4334 meum
1236 4273 1376 4333 utnon
1400 4256 1623 4357 comparetis
1650 4254 1773 4329 solum

109 4408 225 4502 vobis,
258 4407 325 4483 sed
349 4420 386 4481 et
409 4407 559 4506 legatis;
592 4432 668 4479 non
695 4407 832 4506 legatis
857 4410 989 4506 solum,
1016 4409 1082 4484 sed
1108 4411 1191 4484 aliis
1218 4411 1332 4485 etiam
1357 4407 1558 4508 legendum
1585 4432 1773 4482 commen·

110 4555 212 4655 detis3
244 4558 386 4632 fructus
412 4584 488 4632 non
511 4557 676 4632 deerunt.
1299 4553 1302 4558 ’
1413 4543 1414 4546 “

227 4708 485 4783 Burohardum
497 4734 573 4782 non
593 4720 756 4806 aequant
774 4706 925 4805 quidem
946 4709 1125 4785 Ricoldus
1150 4724 1188 4784 et
1201 4707 1395 4804 Odoricus‚
1423 4707 1489 4782 sed
1514 4722 1641 4783 tamen
1668 4707 1774 4807 digni

111 4874 205 4947 sunt,
238 4861 302 4958 qui
328 4858 490 4934 secundo
517 4872 604 4957 post
627 4857 751 4956 ipsum
784 4858 869 4934 loco
901 4873 1098 4958 ponantur.
1151 4858 1245 4934 Sunt
1279 4859 1378 4934 enim
1411 4859 1602 4933 itineraria
1637 4859 1703 4933 illa
1737 4872 1773 4933 et

108 5011 262 5086 utihtate
289 5024 325 5084 et
350 5012 543 5110 voluptate
569 5007 769 5083 uberrima.

228 5160 375 5236 Ricoldi
401 5160 447 5236 de
468 5159 597 5234 Monte
623 5159 753 5234 Crucis
778 5158 1009 5233 itinerarium
1026 5185 1151 5234 rerum
1174 5160 1415 5259 colorumque
1441 5161 1621 5235 varietate
1647 5160 1773 5235 multi-

104 5312 187 5411 plex
216 5312 279 5411 qui
304 5311 538 5412 cognoverit,
573 5309 683 5383 facile
709 5309 910 5410 intelhget,
940 5336 1007 5385 cur
1039 5324 1077 5385 et
1097 5310 1357 5410 Francogalli,
1380 5324 1417 5386 et
1442 5311 1528 5386 Itali
1554 5312 1774 5412 interpreta-

105 5460 221 5539 tiones
248 5463 326 5536 eius
352 5488 428 5535 non
455 5460 577 5535 solum
604 5461 850 5557 confecerint,
885 5461 952 5536 sed
983 5462 1097 5536 etiam
1125 5461 1280 5561 picturis
1312 5462 1542 5538 nitidissimis
1577 5465 1771 5539 collustra-

103 5612 188 5708 u‘nt3
215 5636 336 5709 neque
359 5638 435 5687 non
461 5611 671 5706 mirabitur,
703 5612 803 5711 quod
828 5612 877 5686 ad
898 5613 971 5687 hoc
997 5639 1114 5711 usque
1141 5629 1288 5713 tempus
1319 5614 1486 5690 nondum
1513 5616 1627 5691 latine
1665 5617 1775 5690 sitin
