<?xml version="1.0" encoding="UTF-8"?>
<!DOCTYPE html PUBLIC "-//W3C//DTD XHTML 1.0 Transitional//EN"
    "http://www.w3.org/TR/xhtml1/DTD/xhtml1-transitional.dtd">
<html xmlns="http://www.w3.org/1999/xhtml" xml:lang="en" lang="en">
 <head>
  <title>
</title>
<meta http-equiv="Content-Type" content="text/html;charset=utf-8" />
  <meta name='ocr-system' content='tesseract 3.04.00' />
  <meta name='ocr-capabilities' content='ocr_page ocr_carea ocr_par ocr_line ocrx_word'/>
</head>
<body>
  <div class='ocr_page' id='page_1' title='image "./peregrinatoresm00peregoog_0034.png"; bbox 0 0 4214 6096; ppageno 0'>
   <div class='ocr_carea' id='block_1_1' title="bbox 196 1344 1767 1425">
    <p class='ocr_par' dir='ltr' id='par_1_1' title="bbox 196 1344 1767 1425">
     <span class='ocr_line' id='line_1_1' title="bbox 196 1344 1767 1425; baseline -0.005 0"><span class='ocrx_word' id='word_1_1' title='bbox 196 1347 492 1425; x_wconf 79' lang='lat' dir='ltr'><strong>BURCHARDI</strong></span> <span class='ocrx_word' id='word_1_2' title='bbox 515 1347 584 1422; x_wconf 86' lang='lat' dir='ltr'><strong>DE</strong></span> <span class='ocrx_word' id='word_1_3' title='bbox 609 1346 789 1423; x_wconf 84' lang='lat' dir='ltr'><strong>MONTE</strong></span> <span class='ocrx_word' id='word_1_4' title='bbox 817 1348 934 1425; x_wconf 83' lang='lat' dir='ltr'><strong>SION</strong></span> <span class='ocrx_word' id='word_1_5' title='bbox 962 1345 1263 1424; x_wconf 77' lang='lat' dir='ltr'>DESCRIPTIO</span> <span class='ocrx_word' id='word_1_6' title='bbox 1291 1347 1493 1424; x_wconf 84' lang='lat' dir='ltr'><strong>TERRAE</strong></span> <span class='ocrx_word' id='word_1_7' title='bbox 1521 1344 1767 1422; x_wconf 79' lang='lat' dir='ltr'><strong>SANCTAE.</strong></span> 
     </span>
    </p>
   </div>
   <div class='ocr_carea' id='block_1_2' title="bbox 828 1565 1142 1620">
    <p class='ocr_par' dir='ltr' id='par_1_2' title="bbox 828 1565 1142 1620">
     <span class='ocr_line' id='line_1_2' title="bbox 828 1565 1142 1620; baseline 0.01 -3"><span class='ocrx_word' id='word_1_8' title='bbox 828 1565 1142 1620; x_wconf 84' lang='lat' dir='ltr'><strong>PROLOGUS.</strong></span> 
     </span>
    </p>
   </div>
   <div class='ocr_carea' id='block_1_3' title="bbox 145 1792 1854 3510">
    <p class='ocr_par' dir='ltr' id='par_1_3' title="bbox 145 1792 1854 3510">
     <span class='ocr_line' id='line_1_3' title="bbox 272 1792 1849 1885; baseline -0.006 -19"><span class='ocrx_word' id='word_1_9' title='bbox 272 1797 355 1866; x_wconf 86' lang='lat' dir='ltr'><strong>Cum</strong></span> <span class='ocrx_word' id='word_1_10' title='bbox 376 1798 410 1862; x_wconf 91' lang='lat' dir='ltr'><strong>in</strong></span> <span class='ocrx_word' id='word_1_11' title='bbox 430 1796 594 1863; x_wconf 89' lang='lat' dir='ltr'><strong>ueteribus</strong></span> <span class='ocrx_word' id='word_1_12' title='bbox 615 1797 759 1864; x_wconf 89' lang='lat' dir='ltr'><strong>historiis</strong></span> <span class='ocrx_word' id='word_1_13' title='bbox 785 1798 948 1885; x_wconf 87' lang='lat' dir='ltr'><strong>legamus,</strong></span> <span class='ocrx_word' id='word_1_14' title='bbox 978 1801 1062 1864; x_wconf 90' lang='lat' dir='ltr'><strong>sicut</strong></span> <span class='ocrx_word' id='word_1_15' title='bbox 1091 1798 1170 1865; x_wconf 91' lang='lat' dir='ltr'><strong>dicit</strong></span> <span class='ocrx_word' id='word_1_16' title='bbox 1198 1797 1311 1863; x_wconf 86' lang='lat' dir='ltr'><strong>beatus</strong></span> <span class='ocrx_word' id='word_1_17' title='bbox 1332 1797 1513 1862; x_wconf 87' lang='lat' dir='ltr'><strong>leronimus</strong></span> <span class='ocrx_word' id='word_1_18' title='bbox 1526 1798 1563 1876; x_wconf 88' lang='lat'><strong>¹),</strong></span> <span class='ocrx_word' id='word_1_19' title='bbox 1593 1792 1751 1882; x_wconf 86' lang='lat' dir='ltr'><strong>quosdam</strong></span> <span class='ocrx_word' id='word_1_20' title='bbox 1772 1792 1819 1857; x_wconf 94' lang='lat' dir='ltr'><strong>lu·</strong></span> <span class='ocrx_word' id='word_1_21' title='bbox 1840 1807 1849 1856; x_wconf 90' lang='lat' dir='ltr'><strong>t</strong></span> 
     </span>
     <span class='ocr_line' id='line_1_4' title="bbox 147 1908 1820 2003; baseline -0.007 -20"><span class='ocrx_word' id='word_1_22' title='bbox 147 1929 269 1983; x_wconf 83' lang='lat' dir='ltr'><strong>strasse</strong></span> <span class='ocrx_word' id='word_1_23' title='bbox 290 1914 487 2002; x_wconf 86' lang='lat' dir='ltr'><strong>prouincias,</strong></span> <span class='ocrx_word' id='word_1_24' title='bbox 508 1914 613 1977; x_wconf 90' lang='lat' dir='ltr'><strong>maria</strong></span> <span class='ocrx_word' id='word_1_25' title='bbox 635 1916 874 1997; x_wconf 81' lang='lat' dir='ltr'><strong>transfretasse,</strong></span> <span class='ocrx_word' id='word_1_26' title='bbox 895 1926 931 1979; x_wconf 92' lang='lat' dir='ltr'><strong>ut</strong></span> <span class='ocrx_word' id='word_1_27' title='bbox 952 1939 1000 1997; x_wconf 88' lang='lat' dir='ltr'><strong>ea,</strong></span> <span class='ocrx_word' id='word_1_28' title='bbox 1022 1938 1084 2003; x_wconf 90' lang='lat' dir='ltr'><strong>que</strong></span> <span class='ocrx_word' id='word_1_29' title='bbox 1107 1938 1147 1980; x_wconf 87' lang='lat' dir='ltr'><strong>ex</strong></span> <span class='ocrx_word' id='word_1_30' title='bbox 1169 1914 1262 1980; x_wconf 90' lang='lat' dir='ltr'><strong>libris</strong></span> <span class='ocrx_word' id='word_1_31' title='bbox 1282 1921 1450 1994; x_wconf 90' lang='lat' dir='ltr'><strong>nouerant,</strong></span> <span class='ocrx_word' id='word_1_32' title='bbox 1474 1932 1584 1976; x_wconf 88' lang='lat' dir='ltr'><strong>coram</strong></span> <span class='ocrx_word' id='word_1_33' title='bbox 1605 1911 1712 1997; x_wconf 87' lang='lat' dir='ltr'><strong>posita</strong></span> <span class='ocrx_word' id='word_1_34' title='bbox 1731 1908 1820 1973; x_wconf 91' lang='lat' dir='ltr'><strong>uide·</strong></span> 
     </span>
     <span class='ocr_line' id='line_1_5' title="bbox 145 2026 1820 2118; baseline -0.005 -21"><span class='ocrx_word' id='word_1_35' title='bbox 145 2043 235 2114; x_wconf 86' lang='lat' dir='ltr'><strong>rent,</strong></span> <span class='ocrx_word' id='word_1_36' title='bbox 266 2042 302 2096; x_wconf 91' lang='lat' dir='ltr'><strong>ut</strong></span> <span class='ocrx_word' id='word_1_37' title='bbox 320 2029 415 2095; x_wconf 91' lang='lat' dir='ltr'><strong>Plato</strong></span> <span class='ocrx_word' id='word_1_38' title='bbox 436 2027 663 2115; x_wconf 88' lang='lat' dir='ltr'><strong>memphiticos</strong></span> <span class='ocrx_word' id='word_1_39' title='bbox 685 2041 776 2095; x_wconf 89' lang='lat' dir='ltr'><strong>uates</strong></span> <span class='ocrx_word' id='word_1_40' title='bbox 798 2039 831 2095; x_wconf 85' lang='lat' dir='ltr'><strong>et</strong></span> <span class='ocrx_word' id='word_1_41' title='bbox 851 2030 1019 2118; x_wconf 82' lang='lat' dir='ltr'><strong>Egyptum</strong></span> <span class='ocrx_word' id='word_1_42' title='bbox 1039 2030 1250 2117; x_wconf 90' lang='lat' dir='ltr'><strong>Apollonius,</strong></span> <span class='ocrx_word' id='word_1_43' title='bbox 1279 2030 1334 2116; x_wconf 93' lang='lat' dir='ltr'><strong>qui</strong></span> <span class='ocrx_word' id='word_1_44' title='bbox 1353 2029 1473 2093; x_wconf 78' lang='lat' dir='ltr'><strong>Persas</strong></span> <span class='ocrx_word' id='word_1_45' title='bbox 1494 2026 1645 2107; x_wconf 89' lang='lat' dir='ltr'><strong>intrauit,</strong></span> <span class='ocrx_word' id='word_1_46' title='bbox 1668 2026 1820 2091; x_wconf 89' lang='lat' dir='ltr'><strong>transiuit</strong></span> 
     </span>
     <span class='ocr_line' id='line_1_6' title="bbox 146 2142 1820 2231; baseline -0.006 -16"><span class='ocrx_word' id='word_1_47' title='bbox 146 2146 338 2228; x_wconf 73' lang='lat' dir='ltr'><strong>Caucasum,</strong></span> <span class='ocrx_word' id='word_1_48' title='bbox 359 2143 516 2227; x_wconf 91' lang='lat' dir='ltr'><strong>Albanos,</strong></span> <span class='ocrx_word' id='word_1_49' title='bbox 540 2143 690 2231; x_wconf 85' lang='lat' dir='ltr'><strong>Scythas,</strong></span> <span class='ocrx_word' id='word_1_50' title='bbox 711 2144 926 2231; x_wconf 86' lang='lat' dir='ltr'><strong>Massagetas,</strong></span> <span class='ocrx_word' id='word_1_51' title='bbox 940 2146 1077 2228; x_wconf 79' lang='lat' dir='ltr'>Indiam,</span> <span class='ocrx_word' id='word_1_52' title='bbox 1094 2146 1349 2222; x_wconf 81' lang='lat' dir='ltr'><strong>Brachmanas⁸)</strong></span> <span class='ocrx_word' id='word_1_53' title='bbox 1360 2145 1385 2223; x_wconf 74' lang='lat'><strong>²)</strong></span> <span class='ocrx_word' id='word_1_54' title='bbox 1401 2165 1538 2229; x_wconf 88' lang='lat' dir='ltr'><strong>quoque,</strong></span> <span class='ocrx_word' id='word_1_55' title='bbox 1551 2159 1586 2207; x_wconf 90' lang='lat' dir='ltr'><strong>ut</strong></span> <span class='ocrx_word' id='word_1_56' title='bbox 1600 2142 1784 2217; x_wconf 69' lang='lat' dir='ltr'><strong>larehamr)</strong></span> <span class='ocrx_word' id='word_1_57' title='bbox 1796 2143 1820 2219; x_wconf 89' lang='lat'><strong>³)</strong></span> 
     </span>
     <span class='ocr_line' id='line_1_7' title="bbox 145 2256 1819 2348; baseline -0.005 -19"><span class='ocrx_word' id='word_1_58' title='bbox 145 2262 281 2345; x_wconf 89' lang='lat' dir='ltr'><strong>uideret,</strong></span> <span class='ocrx_word' id='word_1_59' title='bbox 304 2272 337 2327; x_wconf 91' lang='lat' dir='ltr'><strong>et</strong></span> <span class='ocrx_word' id='word_1_60' title='bbox 356 2260 487 2325; x_wconf 90' lang='lat' dir='ltr'><strong>tandem</strong></span> <span class='ocrx_word' id='word_1_61' title='bbox 507 2258 674 2348; x_wconf 82' lang='lat' dir='ltr'><strong>Egyptum</strong></span> <span class='ocrx_word' id='word_1_62' title='bbox 697 2263 846 2345; x_wconf 89' lang='lat' dir='ltr'><strong>intrauit,</strong></span> <span class='ocrx_word' id='word_1_63' title='bbox 868 2274 905 2327; x_wconf 90' lang='lat' dir='ltr'><strong>ut</strong></span> <span class='ocrx_word' id='word_1_64' title='bbox 924 2264 1083 2329; x_wconf 82' lang='lat' dir='ltr'><strong>famosam</strong></span> <span class='ocrx_word' id='word_1_65' title='bbox 1104 2286 1249 2329; x_wconf 89' lang='lat' dir='ltr'><strong>mensam</strong></span> <span class='ocrx_word' id='word_1_66' title='bbox 1270 2261 1347 2327; x_wconf 89' lang='lat' dir='ltr'><strong>solis</strong></span> <span class='ocrx_word' id='word_1_67' title='bbox 1370 2258 1499 2326; x_wconf 88' lang='lat' dir='ltr'><strong>uideret</strong></span> <span class='ocrx_word' id='word_1_68' title='bbox 1519 2259 1552 2323; x_wconf 90' lang='lat' dir='ltr'><strong>in</strong></span> <span class='ocrx_word' id='word_1_69' title='bbox 1576 2257 1706 2324; x_wconf 88' lang='lat' dir='ltr'><strong>sabulo:</strong></span> <span class='ocrx_word' id='word_1_70' title='bbox 1741 2256 1819 2344; x_wconf 88' lang='lat' dir='ltr'><strong>quid</strong></span> 
     </span>
     <span class='ocr_line' id='line_1_8' title="bbox 146 2373 1820 2464; baseline -0.004 -20"><span class='ocrx_word' id='word_1_71' title='bbox 146 2380 274 2460; x_wconf 91' lang='lat' dir='ltr'><strong>mirum,</strong></span> <span class='ocrx_word' id='word_1_72' title='bbox 297 2379 325 2443; x_wconf 92' lang='lat' dir='ltr'><strong>si</strong></span> <span class='ocrx_word' id='word_1_73' title='bbox 347 2375 526 2444; x_wconf 86' lang='lat' dir='ltr'><strong>Christiani</strong></span> <span class='ocrx_word' id='word_1_74' title='bbox 545 2385 665 2441; x_wconf 89' lang='lat' dir='ltr'><strong>terram</strong></span> <span class='ocrx_word' id='word_1_75' title='bbox 686 2377 785 2458; x_wconf 88' lang='lat' dir='ltr'><strong>illam,</strong></span> <span class='ocrx_word' id='word_1_76' title='bbox 808 2400 906 2464; x_wconf 91' lang='lat' dir='ltr'><strong>quam</strong></span> <span class='ocrx_word' id='word_1_77' title='bbox 927 2378 1050 2445; x_wconf 81' lang='lat' dir='ltr'><strong>Christi</strong></span> <span class='ocrx_word' id='word_1_78' title='bbox 1072 2390 1189 2444; x_wconf 87' lang='lat' dir='ltr'><strong>sonant</strong></span> <span class='ocrx_word' id='word_1_79' title='bbox 1211 2377 1346 2444; x_wconf 75' lang='lat' dir='ltr'><strong>ecclesie</strong></span> <span class='ocrx_word' id='word_1_80' title='bbox 1368 2377 1536 2456; x_wconf 85' lang='lat' dir='ltr'><strong>uniuersa,</strong></span> <span class='ocrx_word' id='word_1_81' title='bbox 1558 2373 1670 2439; x_wconf 88' lang='lat' dir='ltr'><strong>uidere</strong></span> <span class='ocrx_word' id='word_1_82' title='bbox 1691 2384 1723 2438; x_wconf 89' lang='lat' dir='ltr'><strong>et</strong></span> <span class='ocrx_word' id='word_1_83' title='bbox 1742 2374 1820 2438; x_wconf 89' lang='lat' dir='ltr'><strong>uisi·</strong></span> 
     </span>
     <span class='ocr_line' id='line_1_9' title="bbox 147 2489 1854 2582; baseline -0.002 -23"><span class='ocrx_word' id='word_1_84' title='bbox 147 2505 218 2559; x_wconf 87' lang='lat' dir='ltr'><strong>tare</strong></span> <span class='ocrx_word' id='word_1_85' title='bbox 239 2491 453 2558; x_wconf 80' lang='lat' dir='ltr'><strong>desiderant?</strong></span> <span class='ocrx_word' id='word_1_86' title='bbox 484 2491 734 2558; x_wconf 88' lang='lat' dir='ltr'><strong>Uenerabantur</strong></span> <span class='ocrx_word' id='word_1_87' title='bbox 755 2495 879 2581; x_wconf 81' lang='lat' dir='ltr'><strong>antiqui</strong></span> <span class='ocrx_word' id='word_1_88' title='bbox 903 2505 1016 2559; x_wconf 89' lang='lat' dir='ltr'><strong>sancta</strong></span> <span class='ocrx_word' id='word_1_89' title='bbox 1038 2505 1238 2577; x_wconf 89' lang='lat' dir='ltr'><strong>sanctorum,</strong></span> <span class='ocrx_word' id='word_1_90' title='bbox 1261 2496 1337 2582; x_wconf 91' lang='lat' dir='ltr'><strong>quia</strong></span> <span class='ocrx_word' id='word_1_91' title='bbox 1357 2492 1404 2557; x_wconf 94' lang='lat' dir='ltr'><strong>ibi</strong></span> <span class='ocrx_word' id='word_1_92' title='bbox 1426 2501 1496 2556; x_wconf 89' lang='lat' dir='ltr'><strong>erat</strong></span> <span class='ocrx_word' id='word_1_93' title='bbox 1517 2489 1617 2555; x_wconf 85' lang='lat' dir='ltr'><strong>archa</strong></span> <span class='ocrx_word' id='word_1_94' title='bbox 1638 2490 1854 2555; x_wconf 78' lang='lat' dir='ltr'><strong>testamentit</strong></span> 
     </span>
     <span class='ocr_line' id='line_1_10' title="bbox 148 2606 1823 2697; baseline -0.005 -21"><span class='ocrx_word' id='word_1_95' title='bbox 148 2620 180 2676; x_wconf 91' lang='lat' dir='ltr'><strong>et</strong></span> <span class='ocrx_word' id='word_1_96' title='bbox 201 2607 368 2676; x_wconf 80' lang='lat' dir='ltr'><strong>Cherubin</strong></span> <span class='ocrx_word' id='word_1_97' title='bbox 395 2630 469 2673; x_wconf 89' lang='lat' dir='ltr'><strong>cum</strong></span> <span class='ocrx_word' id='word_1_98' title='bbox 492 2609 725 2695; x_wconf 83' lang='lat' dir='ltr'><strong>propiciatorio</strong></span> <span class='ocrx_word' id='word_1_99' title='bbox 754 2621 786 2674; x_wconf 92' lang='lat' dir='ltr'><strong>et</strong></span> <span class='ocrx_word' id='word_1_100' title='bbox 812 2632 931 2675; x_wconf 85' lang='lat' dir='ltr'><strong>manna</strong></span> <span class='ocrx_word' id='word_1_101' title='bbox 960 2622 993 2675; x_wconf 88' lang='lat' dir='ltr'><strong>et</strong></span> <span class='ocrx_word' id='word_1_102' title='bbox 1020 2612 1115 2696; x_wconf 86' lang='lat' dir='ltr'><strong>uirga</strong></span> <span class='ocrx_word' id='word_1_103' title='bbox 1134 2612 1263 2691; x_wconf 90' lang='lat' dir='ltr'><strong>Aaron,</strong></span> <span class='ocrx_word' id='word_1_104' title='bbox 1297 2632 1359 2697; x_wconf 90' lang='lat' dir='ltr'><strong>que</strong></span> <span class='ocrx_word' id='word_1_105' title='bbox 1386 2607 1590 2687; x_wconf 86' lang='lat' dir='ltr'><strong>fronduerat,</strong></span> <span class='ocrx_word' id='word_1_106' title='bbox 1625 2627 1686 2692; x_wconf 93' lang='lat' dir='ltr'><strong>que</strong></span> <span class='ocrx_word' id='word_1_107' title='bbox 1714 2606 1823 2670; x_wconf 88' lang='lat' dir='ltr'><strong>omnia</strong></span> 
     </span>
     <span class='ocr_line' id='line_1_11' title="bbox 147 2719 1820 2812; baseline -0.003 -21"><span class='ocrx_word' id='word_1_108' title='bbox 147 2734 240 2791; x_wconf 75' lang='lat' dir='ltr'><strong>mant</strong></span> <span class='ocrx_word' id='word_1_109' title='bbox 260 2722 376 2789; x_wconf 89' lang='lat' dir='ltr'><strong>umbra</strong></span> <span class='ocrx_word' id='word_1_110' title='bbox 394 2724 511 2806; x_wconf 70' lang='lat' dir='ltr'><strong>futuri,</strong></span> <span class='ocrx_word' id='word_1_111' title='bbox 532 2746 638 2789; x_wconf 90' lang='lat' dir='ltr'><strong>nonne</strong></span> <span class='ocrx_word' id='word_1_112' title='bbox 659 2725 748 2812; x_wconf 85' lang='lat' dir='ltr'><strong>apud</strong></span> <span class='ocrx_word' id='word_1_113' title='bbox 767 2748 827 2791; x_wconf 88' lang='lat' dir='ltr'><strong>nos</strong></span> <span class='ocrx_word' id='word_1_114' title='bbox 850 2726 1067 2792; x_wconf 90' lang='lat' dir='ltr'><strong>uenerabilius</strong></span> <span class='ocrx_word' id='word_1_115' title='bbox 1090 2736 1139 2791; x_wconf 88' lang='lat' dir='ltr'><strong>est</strong></span> <span class='ocrx_word' id='word_1_116' title='bbox 1159 2726 1345 2812; x_wconf 88' lang='lat' dir='ltr'><strong>sepulcrum</strong></span> <span class='ocrx_word' id='word_1_117' title='bbox 1361 2725 1459 2790; x_wconf 89' lang='lat' dir='ltr'><strong>Ihesu</strong></span> <span class='ocrx_word' id='word_1_118' title='bbox 1479 2721 1613 2803; x_wconf 85' lang='lat' dir='ltr'><strong>Christi,</strong></span> <span class='ocrx_word' id='word_1_119' title='bbox 1635 2719 1721 2809; x_wconf 90' lang='lat' dir='ltr'><strong>quod</strong></span> <span class='ocrx_word' id='word_1_120' title='bbox 1743 2743 1820 2807; x_wconf 89' lang='lat' dir='ltr'><strong>quo·</strong></span> 
     </span>
     <span class='ocr_line' id='line_1_12' title="bbox 149 2836 1853 2924; baseline -0.004 -19"><span class='ocrx_word' id='word_1_121' title='bbox 149 2841 237 2905; x_wconf 89' lang='lat' dir='ltr'><strong>ciens</strong></span> <span class='ocrx_word' id='word_1_122' title='bbox 262 2842 335 2924; x_wconf 90' lang='lat' dir='ltr'><strong>quis</strong></span> <span class='ocrx_word' id='word_1_123' title='bbox 355 2837 546 2924; x_wconf 78' lang='lat' dir='ltr'><strong>ingreditur,</strong></span> <span class='ocrx_word' id='word_1_124' title='bbox 567 2841 691 2905; x_wconf 89' lang='lat' dir='ltr'><strong>tociens</strong></span> <span class='ocrx_word' id='word_1_125' title='bbox 713 2842 891 2908; x_wconf 88' lang='lat' dir='ltr'><strong>inuolutum</strong></span> <span class='ocrx_word' id='word_1_126' title='bbox 913 2842 1048 2908; x_wconf 92' lang='lat' dir='ltr'><strong>sindone</strong></span> <span class='ocrx_word' id='word_1_127' title='bbox 1071 2844 1188 2908; x_wconf 89' lang='lat' dir='ltr'><strong>mentis</strong></span> <span class='ocrx_word' id='word_1_128' title='bbox 1209 2841 1311 2908; x_wconf 90' lang='lat' dir='ltr'><strong>oculis</strong></span> <span class='ocrx_word' id='word_1_129' title='bbox 1331 2840 1421 2906; x_wconf 87' lang='lat' dir='ltr'><strong>uidet</strong></span> <span class='ocrx_word' id='word_1_130' title='bbox 1440 2836 1668 2905; x_wconf 82' lang='lat' dir='ltr'><strong>Saluatorem?</strong></span> <span class='ocrx_word' id='word_1_131' title='bbox 1695 2848 1727 2901; x_wconf 88' lang='lat' dir='ltr'><strong>et</strong></span> <span class='ocrx_word' id='word_1_132' title='bbox 1741 2843 1853 2923; x_wconf 81' lang='lat' dir='ltr'><strong>pau-3</strong></span> 
     </span>
     <span class='ocr_line' id='line_1_13' title="bbox 148 2951 1821 3045; baseline -0.003 -24"><span class='ocrx_word' id='word_1_133' title='bbox 148 2954 246 3021; x_wconf 90' lang='lat' dir='ltr'><strong>lulum</strong></span> <span class='ocrx_word' id='word_1_134' title='bbox 276 2953 457 3042; x_wconf 85' lang='lat' dir='ltr'><strong>procedens</strong></span> <span class='ocrx_word' id='word_1_135' title='bbox 485 2954 575 3020; x_wconf 89' lang='lat' dir='ltr'><strong>uidet</strong></span> <span class='ocrx_word' id='word_1_136' title='bbox 603 2954 746 3042; x_wconf 87' lang='lat' dir='ltr'><strong>lapidem</strong></span> <span class='ocrx_word' id='word_1_137' title='bbox 775 2958 971 3041; x_wconf 90' lang='lat' dir='ltr'><strong>reuolutum,</strong></span> <span class='ocrx_word' id='word_1_138' title='bbox 1000 2957 1151 3045; x_wconf 84' lang='lat' dir='ltr'><strong>angelum</strong></span> <span class='ocrx_word' id='word_1_139' title='bbox 1180 2961 1214 3024; x_wconf 92' lang='lat' dir='ltr'><strong>in</strong></span> <span class='ocrx_word' id='word_1_140' title='bbox 1241 2979 1279 3022; x_wconf 93' lang='lat' dir='ltr'><strong>eo</strong></span> <span class='ocrx_word' id='word_1_141' title='bbox 1306 2955 1471 3022; x_wconf 85' lang='lat' dir='ltr'><strong>sedentem</strong></span> <span class='ocrx_word' id='word_1_142' title='bbox 1498 2966 1529 3020; x_wconf 89' lang='lat' dir='ltr'><strong>et</strong></span> <span class='ocrx_word' id='word_1_143' title='bbox 1560 2951 1725 3019; x_wconf 89' lang='lat' dir='ltr'><strong>sudarium</strong></span> <span class='ocrx_word' id='word_1_144' title='bbox 1748 2975 1821 3017; x_wconf 90' lang='lat' dir='ltr'><strong>cum</strong></span> 
     </span>
     <span class='ocr_line' id='line_1_14' title="bbox 148 3069 1854 3160; baseline -0.003 -24"><span class='ocrx_word' id='word_1_145' title='bbox 148 3071 388 3137; x_wconf 90' lang='lat' dir='ltr'><strong>linteaminibus</strong></span> <span class='ocrx_word' id='word_1_146' title='bbox 418 3069 608 3137; x_wconf 89' lang='lat' dir='ltr'><strong>mulieribus</strong></span> <span class='ocrx_word' id='word_1_147' title='bbox 640 3073 885 3139; x_wconf 84' lang='lat' dir='ltr'><strong>ostendentem?</strong></span> <span class='ocrx_word' id='word_1_148' title='bbox 916 3074 997 3154; x_wconf 76' lang='lat' dir='ltr'><strong>Quis</strong></span> <span class='ocrx_word' id='word_1_149' title='bbox 1027 3074 1231 3141; x_wconf 88' lang='lat' dir='ltr'><strong>Christianus</strong></span> <span class='ocrx_word' id='word_1_150' title='bbox 1265 3073 1329 3160; x_wconf 89' lang='lat' dir='ltr'><strong>hijs</strong></span> <span class='ocrx_word' id='word_1_151' title='bbox 1358 3073 1438 3137; x_wconf 90' lang='lat' dir='ltr'><strong>uisis</strong></span> <span class='ocrx_word' id='word_1_152' title='bbox 1465 3094 1530 3136; x_wconf 92' lang='lat' dir='ltr'><strong>non</strong></span> <span class='ocrx_word' id='word_1_153' title='bbox 1556 3069 1686 3134; x_wconf 89' lang='lat' dir='ltr'><strong>festinet</strong></span> <span class='ocrx_word' id='word_1_154' title='bbox 1712 3070 1854 3133; x_wconf 76' lang='lat' dir='ltr'><strong>ueniret</strong></span> 
     </span>
     <span class='ocr_line' id='line_1_15' title="bbox 151 3185 1823 3278; baseline -0.001 -26"><span class='ocrx_word' id='word_1_155' title='bbox 151 3186 348 3264; x_wconf 88' lang='lat' dir='ltr'><strong>Bethlehem,</strong></span> <span class='ocrx_word' id='word_1_156' title='bbox 370 3186 594 3273; x_wconf 86' lang='lat' dir='ltr'><strong>contemplans</strong></span> <span class='ocrx_word' id='word_1_157' title='bbox 605 3189 630 3264; x_wconf 67' lang='grc'><strong>4)</strong></span> <span class='ocrx_word' id='word_1_158' title='bbox 652 3210 786 3275; x_wconf 89' lang='lat' dir='ltr'><strong>puerum</strong></span> <span class='ocrx_word' id='word_1_159' title='bbox 808 3193 841 3255; x_wconf 89' lang='lat' dir='ltr'><strong>in</strong></span> <span class='ocrx_word' id='word_1_160' title='bbox 864 3191 1014 3278; x_wconf 89' lang='lat' dir='ltr'><strong>presepio</strong></span> <span class='ocrx_word' id='word_1_161' title='bbox 1036 3191 1229 3276; x_wconf 85' lang='lat' dir='ltr'><strong>uagientem,</strong></span> <span class='ocrx_word' id='word_1_162' title='bbox 1250 3189 1392 3254; x_wconf 87' lang='lat' dir='ltr'><strong>Mariam</strong></span> <span class='ocrx_word' id='word_1_163' title='bbox 1413 3191 1447 3252; x_wconf 91' lang='lat' dir='ltr'><strong>in</strong></span> <span class='ocrx_word' id='word_1_164' title='bbox 1469 3186 1647 3251; x_wconf 89' lang='lat' dir='ltr'><strong>diuersorio</strong></span> <span class='ocrx_word' id='word_1_165' title='bbox 1662 3185 1722 3250; x_wconf 88' lang='lat' dir='ltr'><strong>sub</strong></span> <span class='ocrx_word' id='word_1_166' title='bbox 1740 3207 1823 3272; x_wconf 89' lang='lat' dir='ltr'><strong>rupe</strong></span> 
     </span>
     <span class='ocr_line' id='line_1_16' title="bbox 151 3300 1819 3394; baseline -0.001 -27"><span class='ocrx_word' id='word_1_167' title='bbox 151 3324 311 3384; x_wconf 89' lang='lat' dir='ltr'><strong>concaua,</strong></span> <span class='ocrx_word' id='word_1_168' title='bbox 342 3325 405 3389; x_wconf 92' lang='lat' dir='ltr'><strong>que</strong></span> <span class='ocrx_word' id='word_1_169' title='bbox 426 3324 527 3386; x_wconf 88' lang='lat' dir='ltr'><strong>usque</strong></span> <span class='ocrx_word' id='word_1_170' title='bbox 547 3301 643 3368; x_wconf 91' lang='lat' dir='ltr'><strong>hodie</strong></span> <span class='ocrx_word' id='word_1_171' title='bbox 673 3307 829 3387; x_wconf 89' lang='lat' dir='ltr'><strong>cernitur,</strong></span> <span class='ocrx_word' id='word_1_172' title='bbox 856 3308 1052 3394; x_wconf 89' lang='lat' dir='ltr'><strong>parientem,</strong></span> <span class='ocrx_word' id='word_1_173' title='bbox 1081 3305 1214 3391; x_wconf 84' lang='lat' dir='ltr'><strong>angelos</strong></span> <span class='ocrx_word' id='word_1_174' title='bbox 1238 3303 1443 3392; x_wconf 88' lang='lat' dir='ltr'><strong>presentibus</strong></span> <span class='ocrx_word' id='word_1_175' title='bbox 1469 3301 1654 3390; x_wconf 86' lang='lat' dir='ltr'><strong>pastoribus</strong></span> <span class='ocrx_word' id='word_1_176' title='bbox 1682 3300 1819 3387; x_wconf 89' lang='lat' dir='ltr'><strong>gloriam</strong></span> 
     </span>
     <span class='ocr_line' id='line_1_17' title="bbox 150 3416 1819 3510; baseline -0.001 -27"><span class='ocrx_word' id='word_1_177' title='bbox 150 3418 222 3484; x_wconf 91' lang='lat' dir='ltr'><strong>Deo</strong></span> <span class='ocrx_word' id='word_1_178' title='bbox 242 3429 275 3483; x_wconf 89' lang='lat' dir='ltr'><strong>et</strong></span> <span class='ocrx_word' id='word_1_179' title='bbox 294 3440 408 3504; x_wconf 89' lang='lat' dir='ltr'><strong>pacem</strong></span> <span class='ocrx_word' id='word_1_180' title='bbox 428 3418 613 3484; x_wconf 90' lang='lat' dir='ltr'><strong>hominibus</strong></span> <span class='ocrx_word' id='word_1_181' title='bbox 635 3419 855 3503; x_wconf 84' lang='lat' dir='ltr'><strong>decantantes,</strong></span> <span class='ocrx_word' id='word_1_182' title='bbox 876 3434 909 3487; x_wconf 88' lang='lat' dir='ltr'><strong>et</strong></span> <span class='ocrx_word' id='word_1_183' title='bbox 930 3421 1030 3510; x_wconf 89' lang='lat' dir='ltr'><strong>(quod</strong></span> <span class='ocrx_word' id='word_1_184' title='bbox 1050 3421 1190 3509; x_wconf 86' lang='lat' dir='ltr'><strong>amplius</strong></span> <span class='ocrx_word' id='word_1_185' title='bbox 1215 3419 1398 3484; x_wconf 85' lang='lat' dir='ltr'><strong>mirandum</strong></span> <span class='ocrx_word' id='word_1_186' title='bbox 1418 3426 1478 3496; x_wconf 87' lang='lat' dir='ltr'><strong>est)</strong></span> <span class='ocrx_word' id='word_1_187' title='bbox 1501 3417 1661 3505; x_wconf 89' lang='lat' dir='ltr'><strong>quomodo</strong></span> <span class='ocrx_word' id='word_1_188' title='bbox 1683 3428 1750 3482; x_wconf 87' lang='lat' dir='ltr'><strong>tres</strong></span> <span class='ocrx_word' id='word_1_189' title='bbox 1772 3416 1819 3482; x_wconf 92' lang='lat' dir='ltr'><strong>illi</strong></span> 
     </span>
    </p>
   </div>
   <div class='ocr_carea' id='block_1_4' title="bbox 151 3533 1854 4206">
    <p class='ocr_par' dir='ltr' id='par_1_4' title="bbox 151 3533 1854 4206">
     <span class='ocr_line' id='line_1_18' title="bbox 151 3533 1820 3625; baseline -0.001 -27"><span class='ocrx_word' id='word_1_190' title='bbox 151 3533 241 3620; x_wconf 83' lang='lat' dir='ltr'><strong>Magi</strong></span> <span class='ocrx_word' id='word_1_191' title='bbox 260 3536 429 3600; x_wconf 87' lang='lat' dir='ltr'><strong>maiestate</strong></span> <span class='ocrx_word' id='word_1_192' title='bbox 456 3533 596 3620; x_wconf 90' lang='lat' dir='ltr'><strong>preclari</strong></span> <span class='ocrx_word' id='word_1_193' title='bbox 624 3546 699 3601; x_wconf 88' lang='lat' dir='ltr'><strong>ante</strong></span> <span class='ocrx_word' id='word_1_194' title='bbox 727 3539 913 3625; x_wconf 90' lang='lat' dir='ltr'><strong>presepium</strong></span> <span class='ocrx_word' id='word_1_195' title='bbox 934 3544 1063 3615; x_wconf 63' lang='lat' dir='ltr'><strong>ruente)</strong></span> <span class='ocrx_word' id='word_1_196' title='bbox 1087 3560 1152 3603; x_wconf 91' lang='lat' dir='ltr'><strong>non</strong></span> <span class='ocrx_word' id='word_1_197' title='bbox 1173 3535 1296 3601; x_wconf 88' lang='lat' dir='ltr'><strong>babens</strong></span> <span class='ocrx_word' id='word_1_198' title='bbox 1318 3545 1436 3599; x_wconf 89' lang='lat' dir='ltr'><strong>tectum</strong></span> <span class='ocrx_word' id='word_1_199' title='bbox 1462 3535 1601 3620; x_wconf 88' lang='lat' dir='ltr'><strong>desuper</strong></span> <span class='ocrx_word' id='word_1_200' title='bbox 1622 3534 1686 3598; x_wconf 89' lang='lat' dir='ltr'><strong>nisi</strong></span> <span class='ocrx_word' id='word_1_201' title='bbox 1707 3555 1820 3619; x_wconf 88' lang='lat' dir='ltr'><strong>rupem</strong></span> 
     </span>
     <span class='ocr_line' id='line_1_19' title="bbox 153 3648 1854 3737; baseline -0.002 -23"><span class='ocrx_word' id='word_1_202' title='bbox 153 3649 415 3736; x_wconf 85' lang='lat' dir='ltr'><strong>dependentem?</strong></span> <span class='ocrx_word' id='word_1_203' title='bbox 444 3648 569 3715; x_wconf 89' lang='lat' dir='ltr'><strong>Redeat</strong></span> <span class='ocrx_word' id='word_1_204' title='bbox 590 3661 702 3737; x_wconf 87' lang='lat' dir='ltr'><strong>postea</strong></span> <span class='ocrx_word' id='word_1_205' title='bbox 722 3654 756 3716; x_wconf 91' lang='lat' dir='ltr'><strong>in</strong></span> <span class='ocrx_word' id='word_1_206' title='bbox 776 3653 967 3736; x_wconf 88' lang='lat' dir='ltr'><strong>Ierusalem,</strong></span> <span class='ocrx_word' id='word_1_207' title='bbox 985 3665 1030 3719; x_wconf 92' lang='lat' dir='ltr'><strong>·ut</strong></span> <span class='ocrx_word' id='word_1_208' title='bbox 1050 3653 1159 3718; x_wconf 86' lang='lat' dir='ltr'><strong>uideat</strong></span> <span class='ocrx_word' id='word_1_209' title='bbox 1181 3663 1212 3717; x_wconf 92' lang='lat' dir='ltr'><strong>et</strong></span> <span class='ocrx_word' id='word_1_210' title='bbox 1235 3652 1347 3717; x_wconf 85' lang='lat' dir='ltr'><strong>audiat</strong></span> <span class='ocrx_word' id='word_1_211' title='bbox 1367 3652 1400 3715; x_wconf 92' lang='lat' dir='ltr'><strong>in</strong></span> <span class='ocrx_word' id='word_1_212' title='bbox 1422 3649 1542 3736; x_wconf 90' lang='lat' dir='ltr'><strong>templo</strong></span> <span class='ocrx_word' id='word_1_213' title='bbox 1563 3649 1691 3714; x_wconf 89' lang='lat' dir='ltr'><strong>lhesum</strong></span> <span class='ocrx_word' id='word_1_214' title='bbox 1714 3649 1854 3735; x_wconf 78' lang='lat' dir='ltr'><strong>predi-5</strong></span> 
     </span>
     <span class='ocr_line' id='line_1_20' title="bbox 152 3764 1821 3855; baseline -0.001 -25"><span class='ocrx_word' id='word_1_215' title='bbox 152 3775 293 3846; x_wconf 82' lang='lat' dir='ltr'><strong>cantem,</strong></span> <span class='ocrx_word' id='word_1_216' title='bbox 321 3768 355 3830; x_wconf 92' lang='lat' dir='ltr'><strong>in</strong></span> <span class='ocrx_word' id='word_1_217' title='bbox 376 3777 483 3831; x_wconf 88' lang='lat' dir='ltr'><strong>monte</strong></span> <span class='ocrx_word' id='word_1_218' title='bbox 505 3765 614 3832; x_wconf 90' lang='lat' dir='ltr'><strong>oliueti</strong></span> <span class='ocrx_word' id='word_1_219' title='bbox 637 3767 814 3855; x_wconf 87' lang='lat' dir='ltr'><strong>discipulos</strong></span> <span class='ocrx_word' id='word_1_220' title='bbox 835 3771 1064 3851; x_wconf 87' lang='lat' dir='ltr'><strong>instruentem,</strong></span> <span class='ocrx_word' id='word_1_221' title='bbox 1095 3775 1128 3834; x_wconf 90' lang='lat' dir='ltr'><strong>in</strong></span> <span class='ocrx_word' id='word_1_222' title='bbox 1148 3778 1254 3834; x_wconf 88' lang='lat' dir='ltr'><strong>monte</strong></span> <span class='ocrx_word' id='word_1_223' title='bbox 1276 3767 1357 3833; x_wconf 83' lang='lat' dir='ltr'><strong>Sion</strong></span> <span class='ocrx_word' id='word_1_224' title='bbox 1378 3778 1561 3846; x_wconf 89' lang='lat' dir='ltr'><strong>cenantem,</strong></span> <span class='ocrx_word' id='word_1_225' title='bbox 1588 3764 1821 3851; x_wconf 78' lang='lat' dir='ltr'><strong>disciptdorum</strong></span> 
     </span>
     <span class='ocr_line' id='line_1_21' title="bbox 152 3880 1822 3971; baseline 0 -26"><span class='ocrx_word' id='word_1_226' title='bbox 152 3880 251 3968; x_wconf 91' lang='lat' dir='ltr'><strong>pedes</strong></span> <span class='ocrx_word' id='word_1_227' title='bbox 272 3881 453 3964; x_wconf 80' lang='lat' dir='ltr'><strong>leuantem,</strong></span> <span class='ocrx_word' id='word_1_228' title='bbox 477 3905 595 3969; x_wconf 85' lang='lat' dir='ltr'><strong>corpus</strong></span> <span class='ocrx_word' id='word_1_229' title='bbox 617 3882 717 3948; x_wconf 84' lang='lat' dir='ltr'><strong>Suum</strong></span> <span class='ocrx_word' id='word_1_230' title='bbox 739 3897 771 3949; x_wconf 91' lang='lat' dir='ltr'><strong>et</strong></span> <span class='ocrx_word' id='word_1_231' title='bbox 791 3887 982 3971; x_wconf 88' lang='lat' dir='ltr'><strong>sanguinem</strong></span> <span class='ocrx_word' id='word_1_232' title='bbox 1005 3886 1202 3967; x_wconf 89' lang='lat' dir='ltr'><strong>tradentem,</strong></span> <span class='ocrx_word' id='word_1_233' title='bbox 1224 3887 1258 3948; x_wconf 93' lang='lat' dir='ltr'><strong>in</strong></span> <span class='ocrx_word' id='word_1_234' title='bbox 1280 3884 1492 3949; x_wconf 84' lang='lat' dir='ltr'><strong>Gethsemani</strong></span> <span class='ocrx_word' id='word_1_235' title='bbox 1514 3893 1675 3963; x_wconf 89' lang='lat' dir='ltr'><strong>orantem,</strong></span> <span class='ocrx_word' id='word_1_236' title='bbox 1704 3881 1822 3946; x_wconf 82' lang='lat' dir='ltr'><strong>sudore</strong></span> 
     </span>
     <span class='ocr_line' id='line_1_22' title="bbox 152 3996 1822 4090; baseline -0.001 -27"><span class='ocrx_word' id='word_1_237' title='bbox 152 3998 328 4083; x_wconf 81' lang='lat' dir='ltr'><strong>sanguineo</strong></span> <span class='ocrx_word' id='word_1_238' title='bbox 351 3996 560 4078; x_wconf 88' lang='lat' dir='ltr'><strong>defluentem,</strong></span> <span class='ocrx_word' id='word_1_239' title='bbox 582 3999 772 4065; x_wconf 86' lang='lat' dir='ltr'><strong>traditorem</strong></span> <span class='ocrx_word' id='word_1_240' title='bbox 796 4001 1010 4086; x_wconf 89' lang='lat' dir='ltr'><strong>osculantem,</strong></span> <span class='ocrx_word' id='word_1_241' title='bbox 1033 4016 1164 4090; x_wconf 88' lang='lat' dir='ltr'><strong>captum</strong></span> <span class='ocrx_word' id='word_1_242' title='bbox 1185 4002 1288 4083; x_wconf 91' lang='lat' dir='ltr'><strong>trahi,</strong></span> <span class='ocrx_word' id='word_1_243' title='bbox 1315 3999 1424 4080; x_wconf 90' lang='lat' dir='ltr'><strong>illudi,</strong></span> <span class='ocrx_word' id='word_1_244' title='bbox 1452 4000 1603 4084; x_wconf 81' lang='lat' dir='ltr'><strong>conspui,</strong></span> <span class='ocrx_word' id='word_1_245' title='bbox 1634 3996 1822 4080; x_wconf 89' lang='lat' dir='ltr'><strong>iudicatum,</strong></span> 
     </span>
     <span class='ocr_line' id='line_1_23' title="bbox 153 4111 1822 4206; baseline 0.001 -30"><span class='ocrx_word' id='word_1_246' title='bbox 153 4135 280 4179; x_wconf 89' lang='lat' dir='ltr'><strong>crucem</strong></span> <span class='ocrx_word' id='word_1_247' title='bbox 300 4111 515 4198; x_wconf 84' lang='lat' dir='ltr'><strong>baiulantem,</strong></span> <span class='ocrx_word' id='word_1_248' title='bbox 546 4114 605 4178; x_wconf 91' lang='lat' dir='ltr'><strong>sub</strong></span> <span class='ocrx_word' id='word_1_249' title='bbox 627 4114 771 4202; x_wconf 85' lang='lat' dir='ltr'><strong>pondere</strong></span> <span class='ocrx_word' id='word_1_250' title='bbox 793 4119 898 4182; x_wconf 88' lang='lat' dir='ltr'><strong>crucis</strong></span> <span class='ocrx_word' id='word_1_251' title='bbox 920 4119 954 4184; x_wconf 89' lang='lat' dir='ltr'><strong>in</strong></span> <span class='ocrx_word' id='word_1_252' title='bbox 975 4130 1071 4206; x_wconf 90' lang='lat' dir='ltr'><strong>porta</strong></span> <span class='ocrx_word' id='word_1_253' title='bbox 1093 4120 1247 4199; x_wconf 86' lang='lat' dir='ltr'><strong>ciuitatis,</strong></span> <span class='ocrx_word' id='word_1_254' title='bbox 1279 4120 1362 4182; x_wconf 90' lang='lat' dir='ltr'><strong>sicut</strong></span> <span class='ocrx_word' id='word_1_255' title='bbox 1382 4115 1478 4181; x_wconf 92' lang='lat' dir='ltr'><strong>hodie</strong></span> <span class='ocrx_word' id='word_1_256' title='bbox 1501 4116 1652 4196; x_wconf 90' lang='lat' dir='ltr'><strong>cernitur,</strong></span> <span class='ocrx_word' id='word_1_257' title='bbox 1674 4113 1822 4179; x_wconf 81' lang='lat' dir='ltr'><strong>delicien-</strong></span> 
     </span>
    </p>
   </div>
   <div class='ocr_carea' id='block_1_5' title="bbox 215 4309 1127 4380">
    <p class='ocr_par' dir='ltr' id='par_1_5' title="bbox 215 4309 1127 4380">
     <span class='ocr_line' id='line_1_24' title="bbox 215 4309 1127 4380; baseline 0.005 -15"><span class='ocrx_word' id='word_1_258' title='bbox 215 4314 243 4379; x_wconf 72' lang='grc' dir='ltr'><strong>ε)</strong></span> <span class='ocrx_word' id='word_1_259' title='bbox 264 4312 425 4380; x_wconf 69' lang='grc' dir='ltr'><strong>ὒναφηανοε</strong></span> <span class='ocrx_word' id='word_1_260' title='bbox 442 4309 481 4367; x_wconf 90' lang='lat' dir='ltr'><strong>St.</strong></span> <span class='ocrx_word' id='word_1_261' title='bbox 499 4343 532 4352; x_wconf 93' lang='lat'>-</span> <span class='ocrx_word' id='word_1_262' title='bbox 553 4311 582 4379; x_wconf 87' lang='lat' dir='ltr'><strong>b)</strong></span> <span class='ocrx_word' id='word_1_263' title='bbox 602 4313 760 4368; x_wconf 80' lang='lat' dir='ltr'><strong>lerarclam</strong></span> <span class='ocrx_word' id='word_1_264' title='bbox 778 4312 841 4368; x_wconf 89' lang='lat' dir='ltr'><strong>Sth</strong></span> <span class='ocrx_word' id='word_1_265' title='bbox 859 4343 887 4352; x_wconf 92' lang='lat'><em>-</em></span> <span class='ocrx_word' id='word_1_266' title='bbox 909 4322 937 4377; x_wconf 89' lang='lat' dir='ltr'><strong>c)</strong></span> <span class='ocrx_word' id='word_1_267' title='bbox 955 4323 1069 4370; x_wconf 80' lang='lat' dir='ltr'><strong>rueram</strong></span> <span class='ocrx_word' id='word_1_268' title='bbox 1085 4314 1127 4370; x_wconf 85' lang='lat' dir='ltr'><strong>st.</strong></span> 
     </span>
    </p>
   </div>
   <div class='ocr_carea' id='block_1_6' title="bbox 147 4465 1824 5728">
    <p class='ocr_par' dir='ltr' id='par_1_6' title="bbox 147 4465 1824 5728">
     <span class='ocr_line' id='line_1_25' title="bbox 216 4465 1822 4547; baseline -0.005 -17"><span class='ocrx_word' id='word_1_269' title='bbox 216 4472 243 4544; x_wconf 88' lang='lat' dir='ltr'><strong>l)</strong></span> <span class='ocrx_word' id='word_1_270' title='bbox 265 4466 440 4543; x_wconf 82' lang='lat' dir='ltr'><strong>Ieronirnns]</strong></span> <span class='ocrx_word' id='word_1_271' title='bbox 464 4466 531 4528; x_wconf 83' lang='lat' dir='ltr'><strong>vid.</strong></span> <span class='ocrx_word' id='word_1_272' title='bbox 546 4467 721 4547; x_wconf 75' lang='lat' dir='ltr'><strong>Hieronymi</strong></span> <span class='ocrx_word' id='word_1_273' title='bbox 736 4487 826 4547; x_wconf 87' lang='lat' dir='ltr'><strong>opera</strong></span> <span class='ocrx_word' id='word_1_274' title='bbox 840 4468 886 4529; x_wconf 90' lang='lat' dir='ltr'><strong>ed.</strong></span> <span class='ocrx_word' id='word_1_275' title='bbox 901 4469 965 4531; x_wconf 92' lang='lat' dir='ltr'><strong>Ioh.</strong></span> <span class='ocrx_word' id='word_1_276' title='bbox 1009 4473 1051 4529; x_wconf 86' lang='lat' dir='ltr'><strong>ad</strong></span> <span class='ocrx_word' id='word_1_277' title='bbox 1073 4480 1232 4529; x_wconf 79' lang='lat' dir='ltr'><strong>extremum</strong></span> <span class='ocrx_word' id='word_1_278' title='bbox 1249 4470 1394 4529; x_wconf 83' lang='lat' dir='ltr'><strong>latissimo</strong></span> <span class='ocrx_word' id='word_1_279' title='bbox 1407 4469 1527 4544; x_wconf 72' lang='lat' dir='ltr'><strong>I&#39;ltyson</strong></span> <span class='ocrx_word' id='word_1_280' title='bbox 1546 4486 1631 4524; x_wconf 80' lang='lat' dir='ltr'><strong>arnne</strong></span> <span class='ocrx_word' id='word_1_281' title='bbox 1647 4465 1822 4525; x_wconf 84' lang='lat' dir='ltr'><strong>transmisso</strong></span> 
     </span>
     <span class='ocr_line' id='line_1_26' title="bbox 149 4564 1823 4646; baseline -0.004 -20"><span class='ocrx_word' id='word_1_282' title='bbox 149 4567 332 4646; x_wconf 82' lang='lat' dir='ltr'><strong>Martianay‚</strong></span> <span class='ocrx_word' id='word_1_283' title='bbox 367 4575 435 4626; x_wconf 93' lang='lat' dir='ltr'><strong>tom.</strong></span> <span class='ocrx_word' id='word_1_284' title='bbox 464 4565 507 4624; x_wconf 88' lang='lat' dir='ltr'><strong>lV</strong></span> <span class='ocrx_word' id='word_1_285' title='bbox 539 4576 649 4645; x_wconf 83' lang='lat' dir='ltr'><strong>partem</strong></span> <span class='ocrx_word' id='word_1_286' title='bbox 680 4566 711 4624; x_wconf 88' lang='grc' dir='ltr'><strong>ΙΙ</strong></span> <span class='ocrx_word' id='word_1_287' title='bbox 738 4569 876 4646; x_wconf 85' lang='lat' dir='ltr'><strong>paginam</strong></span> <span class='ocrx_word' id='word_1_288' title='bbox 907 4573 965 4630; x_wconf 83' lang='lat'><strong>568</strong></span> <span class='ocrx_word' id='word_1_289' title='bbox 1003 4571 1142 4645; x_wconf 69' lang='lat' dir='ltr'><strong>persenit</strong></span> <span class='ocrx_word' id='word_1_290' title='bbox 1164 4572 1205 4627; x_wconf 86' lang='lat' dir='ltr'><strong>ad</strong></span> <span class='ocrx_word' id='word_1_291' title='bbox 1225 4570 1453 4641; x_wconf 79' lang='lat' dir='ltr'><strong>Brachmanae,</strong></span> <span class='ocrx_word' id='word_1_292' title='bbox 1473 4575 1505 4623; x_wconf 86' lang='lat' dir='ltr'><strong>ut</strong></span> <span class='ocrx_word' id='word_1_293' title='bbox 1523 4568 1646 4623; x_wconf 87' lang='lat' dir='ltr'><strong>Iarcam</strong></span> <span class='ocrx_word' id='word_1_294' title='bbox 1668 4564 1697 4621; x_wconf 87' lang='lat' dir='ltr'><strong>in</strong></span> <span class='ocrx_word' id='word_1_295' title='bbox 1719 4565 1823 4621; x_wconf 84' lang='lat' dir='ltr'><strong>tlrono</strong></span> 
     </span>
     <span class='ocr_line' id='line_1_27' title="bbox 149 4664 1645 4745; baseline -0.003 -19"><span class='ocrx_word' id='word_1_296' title='bbox 149 4665 303 4745; x_wconf 87' lang='lat' dir='ltr'><strong>epistolam</strong></span> <span class='ocrx_word' id='word_1_297' title='bbox 317 4665 351 4736; x_wconf 81' lang='lat' dir='ltr'><strong>L,</strong></span> <span class='ocrx_word' id='word_1_298' title='bbox 373 4684 449 4744; x_wconf 88' lang='lat' dir='ltr'><strong>quae</strong></span> <span class='ocrx_word' id='word_1_299' title='bbox 471 4672 515 4724; x_wconf 88' lang='lat' dir='ltr'><strong>est</strong></span> <span class='ocrx_word' id='word_1_300' title='bbox 536 4665 666 4723; x_wconf 88' lang='lat' dir='ltr'><strong>secunda</strong></span> <span class='ocrx_word' id='word_1_301' title='bbox 682 4664 719 4723; x_wconf 91' lang='lat' dir='ltr'><strong>ad</strong></span> <span class='ocrx_word' id='word_1_302' title='bbox 736 4665 902 4738; x_wconf 86' lang='lat' dir='ltr'><strong>Paulinum,</strong></span> <span class='ocrx_word' id='word_1_303' title='bbox 923 4669 965 4726; x_wconf 92' lang='lat' dir='ltr'><strong>in·</strong></span> <span class='ocrx_word' id='word_1_304' title='bbox 1008 4670 1152 4726; x_wconf 82' lang='lat' dir='ltr'><strong>sedentem</strong></span> <span class='ocrx_word' id='word_1_305' title='bbox 1174 4688 1266 4725; x_wconf 85' lang='lat' dir='ltr'><strong>aureo</strong></span> <span class='ocrx_word' id='word_1_306' title='bbox 1287 4701 1328 4710; x_wconf 96' lang='lat'>—</span> <span class='ocrx_word' id='word_1_307' title='bbox 1349 4666 1468 4724; x_wconf 83' lang='lat' dir='ltr'><strong>audiret</strong></span> <span class='ocrx_word' id='word_1_308' title='bbox 1491 4667 1645 4722; x_wconf 81' lang='lat' dir='ltr'><strong>docentem.</strong></span> 
     </span>
     <span class='ocr_line' id='line_1_28' title="bbox 149 4761 1824 4844; baseline -0.002 -21"><span class='ocrx_word' id='word_1_309' title='bbox 149 4766 273 4844; x_wconf 88' lang='lat' dir='ltr'><strong>scripta:</strong></span> <span class='ocrx_word' id='word_1_310' title='bbox 296 4765 343 4821; x_wconf 89' lang='lat' dir='ltr'><strong>De</strong></span> <span class='ocrx_word' id='word_1_311' title='bbox 365 4762 461 4822; x_wconf 90' lang='lat' dir='ltr'><strong>studio</strong></span> <span class='ocrx_word' id='word_1_312' title='bbox 482 4765 696 4842; x_wconf 88' lang='lat' dir='ltr'><strong>scripturarum.</strong></span> <span class='ocrx_word' id='word_1_313' title='bbox 738 4764 798 4824; x_wconf 84' lang='lat' dir='ltr'><strong>Sed</strong></span> <span class='ocrx_word' id='word_1_314' title='bbox 820 4765 966 4825; x_wconf 87' lang='lat' dir='ltr'><strong>haecma-</strong></span> <span class='ocrx_word' id='word_1_315' title='bbox 1071 4770 1101 4840; x_wconf 83' lang='grc'><strong>2)</strong></span> <span class='ocrx_word' id='word_1_316' title='bbox 1125 4766 1345 4841; x_wconf 80' lang='lat' dir='ltr'><strong>Bracmuanas]</strong></span> <span class='ocrx_word' id='word_1_317' title='bbox 1368 4765 1569 4823; x_wconf 85' lang='lat' dir='ltr'><strong>Brachmanae</strong></span> <span class='ocrx_word' id='word_1_318' title='bbox 1597 4762 1623 4821; x_wconf 92' lang='lat' dir='ltr'><strong>b.</strong></span> <span class='ocrx_word' id='word_1_319' title='bbox 1652 4761 1670 4819; x_wconf 92' lang='lat' dir='ltr'><strong>l.</strong></span> <span class='ocrx_word' id='word_1_320' title='bbox 1698 4761 1824 4839; x_wconf 89' lang='lat' dir='ltr'><strong>populus</strong></span> 
     </span>
     <span class='ocr_line' id='line_1_29' title="bbox 148 4858 1820 4944; baseline -0.002 -21"><span class='ocrx_word' id='word_1_321' title='bbox 148 4866 266 4923; x_wconf 90' lang='lat' dir='ltr'><strong>moriter</strong></span> <span class='ocrx_word' id='word_1_322' title='bbox 288 4870 400 4921; x_wconf 88' lang='lat' dir='ltr'><strong>tantum</strong></span> <span class='ocrx_word' id='word_1_323' title='bbox 423 4863 555 4934; x_wconf 87' lang='lat' dir='ltr'><strong>citantur,</strong></span> <span class='ocrx_word' id='word_1_324' title='bbox 577 4862 655 4941; x_wconf 92' lang='lat' dir='ltr'><strong>quod</strong></span> <span class='ocrx_word' id='word_1_325' title='bbox 677 4863 764 4924; x_wconf 89' lang='lat' dir='ltr'><strong>docet</strong></span> <span class='ocrx_word' id='word_1_326' title='bbox 777 4866 966 4944; x_wconf 91' lang='lat' dir='ltr'><strong>scriptionum</strong></span> <span class='ocrx_word' id='word_1_327' title='bbox 1008 4876 1090 4934; x_wconf 88' lang='lat' dir='ltr'><strong>suut,</strong></span> <span class='ocrx_word' id='word_1_328' title='bbox 1113 4884 1172 4924; x_wconf 91' lang='lat' dir='ltr'><strong>non</strong></span> <span class='ocrx_word' id='word_1_329' title='bbox 1200 4864 1377 4924; x_wconf 88' lang='lat' dir='ltr'><strong>sacerdotes.</strong></span> <span class='ocrx_word' id='word_1_330' title='bbox 1424 4862 1470 4923; x_wconf 88' lang='lat' dir='ltr'><strong>Cf.</strong></span> <span class='ocrx_word' id='word_1_331' title='bbox 1502 4861 1589 4918; x_wconf 90' lang='lat' dir='ltr'><strong>Plinii</strong></span> <span class='ocrx_word' id='word_1_332' title='bbox 1617 4859 1655 4916; x_wconf 92' lang='lat' dir='ltr'><strong>H.</strong></span> <span class='ocrx_word' id='word_1_333' title='bbox 1681 4858 1718 4919; x_wconf 86' lang='lat' dir='ltr'><strong>N.</strong></span> <span class='ocrx_word' id='word_1_334' title='bbox 1743 4865 1760 4918; x_wconf 88' lang='grc'>6</span> <span class='ocrx_word' id='word_1_335' title='bbox 1786 4866 1820 4920; x_wconf 77' lang='lat' dir='ltr'><strong>li</strong></span> 
     </span>
     <span class='ocr_line' id='line_1_30' title="bbox 148 4960 1821 5043; baseline -0.002 -21"><span class='ocrx_word' id='word_1_336' title='bbox 148 4961 345 5042; x_wconf 87' lang='lat' dir='ltr'><strong>discrepantia</strong></span> <span class='ocrx_word' id='word_1_337' title='bbox 377 4962 447 5020; x_wconf 86' lang='lat' dir='ltr'><strong>satis</strong></span> <span class='ocrx_word' id='word_1_338' title='bbox 479 4981 595 5038; x_wconf 85' lang='lat' dir='ltr'><strong>magna.</strong></span> <span class='ocrx_word' id='word_1_339' title='bbox 643 4961 843 5043; x_wconf 79' lang='lat' dir='ltr'><strong>Hieronymus</strong></span> <span class='ocrx_word' id='word_1_340' title='bbox 871 4965 964 5024; x_wconf 82' lang='lat' dir='ltr'><strong>eninr:</strong></span> <span class='ocrx_word' id='word_1_341' title='bbox 1008 4968 1061 5025; x_wconf 82' lang='lat'><strong>21:</strong></span> <span class='ocrx_word' id='word_1_342' title='bbox 1087 4966 1256 5022; x_wconf 84' lang='lat' dir='ltr'><strong>Multarum</strong></span> <span class='ocrx_word' id='word_1_343' title='bbox 1275 4964 1405 5040; x_wconf 76' lang='lat' dir='ltr'><strong>pentima</strong></span> <span class='ocrx_word' id='word_1_344' title='bbox 1428 4979 1582 5036; x_wconf 62' lang='lat' dir='ltr'><strong>coenoman</strong></span> <span class='ocrx_word' id='word_1_345' title='bbox 1603 4960 1821 5019; x_wconf 80' lang='lat' dir='ltr'><strong>Brachmanae.</strong></span> 
     </span>
     <span class='ocr_line' id='line_1_31' title="bbox 150 5057 1824 5140; baseline -0.002 -20"><span class='ocrx_word' id='word_1_346' title='bbox 150 5061 297 5137; x_wconf 74' lang='lat' dir='ltr'><strong>Lepinus,</strong></span> <span class='ocrx_word' id='word_1_347' title='bbox 319 5060 426 5138; x_wconf 85' lang='lat' dir='ltr'><strong>inquit,</strong></span> <span class='ocrx_word' id='word_1_348' title='bbox 448 5060 480 5117; x_wconf 87' lang='lat' dir='ltr'><strong>in</strong></span> <span class='ocrx_word' id='word_1_349' title='bbox 502 5060 648 5118; x_wconf 83' lang='lat' dir='ltr'><strong>veteribus</strong></span> <span class='ocrx_word' id='word_1_350' title='bbox 669 5062 801 5120; x_wconf 79' lang='lat' dir='ltr'><strong>historiis</strong></span> <span class='ocrx_word' id='word_1_351' title='bbox 823 5066 965 5140; x_wconf 83' lang='lat' dir='ltr'><strong>quosdam</strong></span> <span class='ocrx_word' id='word_1_352' title='bbox 1071 5065 1102 5136; x_wconf 83' lang='lat'><strong>3)</strong></span> <span class='ocrx_word' id='word_1_353' title='bbox 1135 5072 1167 5119; x_wconf 89' lang='lat' dir='ltr'><strong>ut</strong></span> <span class='ocrx_word' id='word_1_354' title='bbox 1202 5063 1352 5137; x_wconf 73' lang='lat' dir='ltr'><strong>Iurabant}</strong></span> <span class='ocrx_word' id='word_1_355' title='bbox 1390 5059 1590 5118; x_wconf 76' lang='lat' dir='ltr'><strong>Hierancbam.</strong></span> <span class='ocrx_word' id='word_1_356' title='bbox 1639 5057 1685 5116; x_wconf 88' lang='lat' dir='ltr'><strong>De</strong></span> <span class='ocrx_word' id='word_1_357' title='bbox 1711 5057 1824 5130; x_wconf 84' lang='lat' dir='ltr'><strong>Iarcba,</strong></span> 
     </span>
     <span class='ocr_line' id='line_1_32' title="bbox 150 5155 1823 5239; baseline -0.002 -23"><span class='ocrx_word' id='word_1_358' title='bbox 150 5161 297 5216; x_wconf 84' lang='lat' dir='ltr'><strong>lustrasse</strong></span> <span class='ocrx_word' id='word_1_359' title='bbox 314 5158 492 5233; x_wconf 81' lang='lat' dir='ltr'><strong>provincias</strong></span> <span class='ocrx_word' id='word_1_360' title='bbox 514 5191 572 5233; x_wconf 92' lang='lat'><strong>-‚</strong></span> <span class='ocrx_word' id='word_1_361' title='bbox 600 5170 631 5217; x_wconf 86' lang='lat' dir='ltr'><strong>ut</strong></span> <span class='ocrx_word' id='word_1_362' title='bbox 654 5181 730 5236; x_wconf 84' lang='lat' dir='ltr'><strong>eos,</strong></span> <span class='ocrx_word' id='word_1_363' title='bbox 755 5182 843 5238; x_wconf 83' lang='lat' dir='ltr'><strong>quos</strong></span> <span class='ocrx_word' id='word_1_364' title='bbox 870 5184 908 5220; x_wconf 84' lang='lat' dir='ltr'><strong>ear</strong></span> <span class='ocrx_word' id='word_1_365' title='bbox 929 5163 964 5220; x_wconf 85' lang='lat' dir='ltr'><strong>li·</strong></span> <span class='ocrx_word' id='word_1_366' title='bbox 1007 5161 1321 5239; x_wconf 85' lang='lat' dir='ltr'><strong>Gymnosopbistarum</strong></span> <span class='ocrx_word' id='word_1_367' title='bbox 1345 5158 1486 5217; x_wconf 89' lang='lat' dir='ltr'><strong>Pontificc</strong></span> <span class='ocrx_word' id='word_1_368' title='bbox 1507 5156 1651 5227; x_wconf 74' lang='lat' dir='ltr'><strong>blasima,</strong></span> <span class='ocrx_word' id='word_1_369' title='bbox 1676 5155 1733 5215; x_wconf 90' lang='lat' dir='ltr'><strong>vid.</strong></span> <span class='ocrx_word' id='word_1_370' title='bbox 1756 5156 1823 5214; x_wconf 85' lang='lat' dir='ltr'><strong>Fla·</strong></span> 
     </span>
     <span class='ocr_line' id='line_1_33' title="bbox 149 5253 1821 5338; baseline 0.001 -24"><span class='ocrx_word' id='word_1_371' title='bbox 149 5257 211 5314; x_wconf 80' lang='lat' dir='ltr'><strong>bris</strong></span> <span class='ocrx_word' id='word_1_372' title='bbox 238 5265 402 5331; x_wconf 83' lang='lat' dir='ltr'><strong>nouerant,</strong></span> <span class='ocrx_word' id='word_1_373' title='bbox 431 5277 530 5315; x_wconf 86' lang='lat' dir='ltr'><strong>coram</strong></span> <span class='ocrx_word' id='word_1_374' title='bbox 561 5279 703 5336; x_wconf 79' lang='lat' dir='ltr'><strong>qnoque</strong></span> <span class='ocrx_word' id='word_1_375' title='bbox 732 5261 874 5319; x_wconf 84' lang='lat' dir='ltr'><strong>viderent.</strong></span> <span class='ocrx_word' id='word_1_376' title='bbox 914 5261 966 5319; x_wconf 77' lang='lat' dir='ltr'><strong>sic</strong></span> <span class='ocrx_word' id='word_1_377' title='bbox 1008 5262 1046 5319; x_wconf 83' lang='lat' dir='ltr'><strong>vii</strong></span> <span class='ocrx_word' id='word_1_378' title='bbox 1061 5260 1230 5320; x_wconf 87' lang='lat' dir='ltr'><strong>Philostrati</strong></span> <span class='ocrx_word' id='word_1_379' title='bbox 1249 5279 1324 5338; x_wconf 80' lang='lat' dir='ltr'><strong>quac</strong></span> <span class='ocrx_word' id='word_1_380' title='bbox 1345 5264 1507 5336; x_wconf 82' lang='lat' dir='ltr'><strong>supersunt,</strong></span> <span class='ocrx_word' id='word_1_381' title='bbox 1530 5274 1565 5312; x_wconf 87' lang='lat' dir='ltr'><strong>cx</strong></span> <span class='ocrx_word' id='word_1_382' title='bbox 1589 5253 1716 5314; x_wconf 90' lang='lat' dir='ltr'><strong>editione</strong></span> <span class='ocrx_word' id='word_1_383' title='bbox 1734 5253 1769 5313; x_wconf 82' lang='lat' dir='ltr'><strong>C.</strong></span> <span class='ocrx_word' id='word_1_384' title='bbox 1786 5255 1821 5316; x_wconf 87' lang='lat' dir='ltr'><strong>L.</strong></span> 
     </span>
     <span class='ocr_line' id='line_1_34' title="bbox 148 5351 1824 5440; baseline -0.001 -26"><span class='ocrx_word' id='word_1_385' title='bbox 148 5357 399 5432; x_wconf 70' lang='lat' dir='ltr'><strong>Pythoporas</strong></span> <span class='ocrx_word' id='word_1_386' title='bbox 431 5357 628 5432; x_wconf 71' lang='lat' dir='ltr'><strong>menmhiticos</strong></span> <span class='ocrx_word' id='word_1_387' title='bbox 656 5368 755 5433; x_wconf 83' lang='lat' dir='ltr'><strong>uates,</strong></span> <span class='ocrx_word' id='word_1_388' title='bbox 782 5360 824 5416; x_wconf 85' lang='lat' dir='ltr'><strong>sic</strong></span> <span class='ocrx_word' id='word_1_389' title='bbox 852 5360 965 5418; x_wconf 83' lang='lat' dir='ltr'><strong>Plato</strong></span> <span class='ocrx_word' id='word_1_390' title='bbox 1007 5361 1134 5440; x_wconf 84' lang='lat' dir='ltr'><strong>Kayscri</strong></span> <span class='ocrx_word' id='word_1_391' title='bbox 1157 5379 1225 5438; x_wconf 85' lang='lat' dir='ltr'><strong>pag.</strong></span> <span class='ocrx_word' id='word_1_392' title='bbox 1248 5363 1301 5429; x_wconf 81' lang='grc'><strong>49,</strong></span> <span class='ocrx_word' id='word_1_393' title='bbox 1333 5356 1380 5414; x_wconf 89' lang='lat' dir='ltr'><strong>ubi</strong></span> <span class='ocrx_word' id='word_1_394' title='bbox 1411 5364 1455 5412; x_wconf 82' lang='lat' dir='ltr'><strong>est</strong></span> <span class='ocrx_word' id='word_1_395' title='bbox 1476 5351 1671 5412; x_wconf 90' lang='lat' dir='ltr'><strong>Philostratus</strong></span> <span class='ocrx_word' id='word_1_396' title='bbox 1699 5352 1735 5414; x_wconf 91' lang='lat' dir='ltr'><strong>de</strong></span> <span class='ocrx_word' id='word_1_397' title='bbox 1764 5356 1824 5413; x_wconf 87' lang='lat' dir='ltr'><strong>vita</strong></span> 
     </span>
     <span class='ocr_line' id='line_1_35' title="bbox 149 5449 1823 5538; baseline 0.001 -26"><span class='ocrx_word' id='word_1_398' title='bbox 149 5455 365 5530; x_wconf 73' lang='lat' dir='ltr'><strong>Aeyyptum-</strong></span> <span class='ocrx_word' id='word_1_399' title='bbox 381 5455 608 5529; x_wconf 82' lang='lat' dir='ltr'><strong>Apolloniua—</strong></span> <span class='ocrx_word' id='word_1_400' title='bbox 625 5457 884 5529; x_wconf 82' lang='lat' dir='ltr'><strong>intravitPersas,</strong></span> <span class='ocrx_word' id='word_1_401' title='bbox 895 5477 965 5533; x_wconf 83' lang='lat' dir='ltr'><strong>per·</strong></span> <span class='ocrx_word' id='word_1_402' title='bbox 1008 5460 1157 5538; x_wconf 82' lang='lat' dir='ltr'><strong>Apollonii</strong></span> <span class='ocrx_word' id='word_1_403' title='bbox 1175 5456 1344 5536; x_wconf 67' lang='lat' dir='ltr'><strong>&#39;tyanensis</strong></span> <span class='ocrx_word' id='word_1_404' title='bbox 1362 5455 1398 5521; x_wconf 89' lang='grc' dir='ltr'><strong>Γ,</strong></span> <span class='ocrx_word' id='word_1_405' title='bbox 1420 5471 1480 5512; x_wconf 85' lang='lat' dir='ltr'><strong>xvr.</strong></span> <span class='ocrx_word' id='word_1_406' title='bbox 1521 5449 1617 5525; x_wconf 78' lang='lat' dir='ltr'><strong>Quem</strong></span> <span class='ocrx_word' id='word_1_407' title='bbox 1631 5456 1755 5533; x_wconf 88' lang='lat' dir='ltr'><strong>sequuti,</strong></span> <span class='ocrx_word' id='word_1_408' title='bbox 1777 5475 1823 5513; x_wconf 88' lang='lat' dir='ltr'><strong>co·</strong></span> 
     </span>
     <span class='ocr_line' id='line_1_36' title="bbox 151 5551 1557 5634; baseline 0.001 -25"><span class='ocrx_word' id='word_1_409' title='bbox 151 5553 291 5610; x_wconf 83' lang='lat' dir='ltr'><strong>transivit</strong></span> <span class='ocrx_word' id='word_1_410' title='bbox 316 5551 498 5628; x_wconf 77' lang='lat' dir='ltr'><strong>Caucasum,</strong></span> <span class='ocrx_word' id='word_1_411' title='bbox 518 5556 657 5624; x_wconf 83' lang='lat' dir='ltr'><strong>Albanos,</strong></span> <span class='ocrx_word' id='word_1_412' title='bbox 680 5555 819 5630; x_wconf 68' lang='lat' dir='ltr'><strong>Scythas,</strong></span> <span class='ocrx_word' id='word_1_413' title='bbox 841 5559 966 5616; x_wconf 85' lang='lat' dir='ltr'><strong>Massa-</strong></span> <span class='ocrx_word' id='word_1_414' title='bbox 1008 5558 1079 5617; x_wconf 87' lang='lat' dir='ltr'><strong>dicis</strong></span> <span class='ocrx_word' id='word_1_415' title='bbox 1103 5557 1143 5615; x_wconf 87' lang='lat' dir='ltr'><strong>St.</strong></span> <span class='ocrx_word' id='word_1_416' title='bbox 1167 5558 1352 5634; x_wconf 89' lang='lat' dir='ltr'><strong>scriptionem</strong></span> <span class='ocrx_word' id='word_1_417' title='bbox 1374 5553 1557 5611; x_wconf 83' lang='lat' dir='ltr'><strong>mutavimus.</strong></span> 
     </span>
     <span class='ocr_line' id='line_1_37' title="bbox 147 5651 1753 5728; baseline -0.001 -19"><span class='ocrx_word' id='word_1_418' title='bbox 147 5661 239 5726; x_wconf 67' lang='lat' dir='ltr'><strong>petas,</strong></span> <span class='ocrx_word' id='word_1_419' title='bbox 261 5652 484 5727; x_wconf 83' lang='lat' dir='ltr'><strong>opulentissima</strong></span> <span class='ocrx_word' id='word_1_420' title='bbox 506 5654 614 5711; x_wconf 81' lang='lat' dir='ltr'><strong>Indiae</strong></span> <span class='ocrx_word' id='word_1_421' title='bbox 637 5673 730 5728; x_wconf 70' lang='lat' dir='ltr'><strong>reqna</strong></span> <span class='ocrx_word' id='word_1_422' title='bbox 749 5656 921 5728; x_wconf 82' lang='lat' dir='ltr'><strong>penetravit</strong></span> <span class='ocrx_word' id='word_1_423' title='bbox 938 5665 964 5713; x_wconf 88' lang='lat' dir='ltr'><strong>et</strong></span> <span class='ocrx_word' id='word_1_424' title='bbox 1070 5661 1100 5727; x_wconf 79' lang='lat' dir='ltr'><strong>l)</strong></span> <span class='ocrx_word' id='word_1_425' title='bbox 1123 5654 1332 5728; x_wconf 84' lang='lat' dir='ltr'><strong>contemplans]</strong></span> <span class='ocrx_word' id='word_1_426' title='bbox 1357 5651 1472 5710; x_wconf 84' lang='lat' dir='ltr'><strong>Malim:</strong></span> <span class='ocrx_word' id='word_1_427' title='bbox 1495 5655 1753 5726; x_wconf 78' lang='lat' dir='ltr'><strong>contemplaturus.</strong></span> 
     </span>
    </p>
   </div>
   <div class='ocr_carea' id='block_1_7' title="bbox 1576 5767 1609 5813">
    <p class='ocr_par' dir='ltr' id='par_1_7' title="bbox 1576 5767 1609 5813">
     <span class='ocr_line' id='line_1_38' title="bbox 1576 5767 1609 5813; baseline 0 -26"><span class='ocrx_word' id='word_1_428' title='bbox 1576 5767 1609 5813; x_wconf 71' lang='lat'><strong>3.</strong></span> 
     </span>
    </p>
   </div>
   <div class='ocr_carea' id='block_1_8' title="bbox 0 0 2127 6096">
    <p class='ocr_par' dir='ltr' id='par_1_8' title="bbox 0 0 2127 6096">
     <span class='ocr_line' id='line_1_39' title="bbox 0 0 2127 6096; baseline 0 0"><span class='ocrx_word' id='word_1_429' title='bbox 0 0 2127 6096; x_wconf 95' lang='lat' dir='ltr'><strong> </strong></span> 
     </span>
    </p>
   </div>
  </div>
 </body>
</html>
