4214 6096
383 1801 385 1805 ’
424 1833 547 1940 incipit
570 1833 737 1940 prurigo
762 1835 797 1918 a
821 1833 929 1921 ltro
955 1770 1463 1941 paromanarium

227 2181 233 2193 .
305 2089 422 2215 Ego,
454 2128 679 2213 Tbietmarus,
711 2130 747 2194 iu
777 2129 1007 2196 remissionem
1041 2139 1252 2214 peccatorum
1286 2149 1431 2197 meorum
1465 2150 1562 2197 cruce
1592 2128 1725 2197 Domini
1760 2144 1788 2205 1,

164 2255 316 2339 signatus
358 2264 393 2320 et
432 2255 577 2320 munitus
618 2274 693 2321 oum
732 2255 917 2340 peregrinis
949 2250 1073 2320 ureis²¹
1098 2273 1236 2341 peregre
1273 2253 1574 2340 proficiscentibus·
1602 2247 1725 2321 donro³

164 2397 303 2464 peregre
326 2399 400 2446 sum
421 2377 603 2465 profectos.
649 2379 865 2445 Transcursis
888 2389 996 2445 auteur
1019 2379 1084 2445 tani
1107 2379 1206 2464 maris
1229 2375 1328 2468 qo'urn
1348 2390 1434 2445 terre
1455 2379 1630 2465 periculis,
1659 2400 1725 2468 que
1758 2394 1788 2456 2,

168 2505 212 2568 ad
235 2524 342 2570 meam
370 2502 582 2590 fragilitatem
609 2503 746 2570 multum
775 2513 896 2586 erant,
917 2504 978 2570 sed
1008 2503 1042 2568 in
1071 2504 1316 2589 comparatione
1342 2505 1454 2570 diuino
1479 2504 1727 2571 retributionis⁴

166 2628 281 2712 nichil,
308 2651 419 2716 ’usque
441 2630 558 2696 Accon
581 2629 728 2716 perueui.
773 2627 839 2694 Ubi
865 2629 942 2694 doru
964 2633 1024 2714 per
1046 2647 1194 2695 mensem
1222 2629 1280 2696 uel
1306 2628 1449 2715 amplius
1476 2627 1669 2713 fecissem‘,
1693 2641 1727 2696 et
1758 2643 1789 2705 3,

165 2766 249 2821 terra
276 2754 385 2822 adhuc
408 2756 494 2821 inter
512 2756 713 2821 Sarracenos
736 2765 769 2820 et
786 2753 993 2822 Christianos
1015 2754 1049 2819 in
1072 2774 1157 2839 puoe
1179 2752 1332 2842 treugis⁸
1351 2754 1557 2841 interpositis
1578 2723 1727 2843 aliquun-

166 2878 294 2945 tulum*
317 2881 507 2966 respiraret:
531 2881 762 2962 animaduerti,
786 2877 918 2968 qualem
940 2859 1107 2965 spiritum,
1131 2881 1209 2968 quia
1232 2901 1298 2947 non
1317 2882 1360 2949 de
1382 2881 1448 2948 boc
1470 2883 1608 2964 mundo,
1632 2882 1725 2948 etad

165 3005 262 3089 quid,
294 3004 362 3071 boc
391 3017 444 3072 est
466 3007 508 3071 ad
531 3004 680 3089 labores,
710 3015 743 3071 et
766 3012 838 3085 [ex]
862 2987 1030 3072 laboribus
1053 3007 1095 3072 ad
1120 2974 1263 3072 eternam
1285 2998 1387 3072 uitam
1410 3008 1629 3093 accepissem.
1674 3007 1727 3074 Ne
1758 3019 1788 3077 t.

166 3148 247 3215 ergo
271 3150 313 3195 ex
338 3129 413 3196 ocio
437 3128 479 3196 et‘
493 3129 622 3197 deliciis
646 3130 770 3212 carnis,
800 3150 866 3216 que
893 3130 1055 3197 aduersus
1078 3131 1227 3215 spiritum
1250 3132 1472 3218 concupiscit,
1503 3133 1543 3198 ad
1567 3132 1727 3198 deteriora

100 3236 108 3242 ’
166 3254 354 3340 uergerem,
386 3257 485 3321 immo
516 3276 560 3321 ex
588 3255 758 3322 laboribus
789 3255 898 3322 carnis
926 3256 1066 3321 animam
1094 3253 1335 3341 lncrifacerem,
1356 3256 1477 3325 ›sedit⁸
1503 3261 1612 3325 animo
1639 3279 1725 3340 meo,
1809 3287 1811 3297 ⁴

163 3389 199 3444 ut
224 3379 312 3460 loca,
344 3401 408 3468 qne
431 3379 595 3448 Dominus
624 3392 739 3448 noster
761 3383 881 3449 ihesus
905 3381 1069 3465 Christus,
1099 3403 1198 3450 uerus
1221 3382 1316 3451 Deus
1339 3395 1372 3450 et
1393 3383 1505 3466 bomo,
1534 3405 1634 3451 uerus
1657 3384 1728 3450 ueri
1766 3352 1774 3361 ⁶

163 3502 229 3569 Dei
253 3503 343 3571 filius
367 3516 401 3570 et
423 3504 588 3589 bominis,
618 3508 773 3595 uestigiis
803 3509 876 3574 suis
907 3506 1120 3593 corporaliter
1148 3507 1309 3594 sigillauit
1330 3521 1365 3575 et
1394 3508 1630 3589 sanctificauit,
1661 3529 1727 3595 que

164 3630 272 3695 eciam
296 3629 504 3697 uenerabiles
527 3644 640 3718 patres
663 3635 785 3715 nostri,
815 3635 905 3700 sicut
930 3637 965 3699 in
990 3633 1194 3700 Pentateuco
1222 3634 1393 3720 reperitur,
1422 3633 1662 3716 inhabitabant,
1693 3643 1727 3700 et

161 3754 274 3820 limina
305 3766 495 3821 sanctorum
524 3756 603 3822 inibi
634 3759 931 3846 requiescentium,
963 3760 1073 3847 quoad
1107 3760 1219 3845 potui,
1248 3760 1426 3826 uisitaretn.
1472 3757 1610 3824 lllulturn
1640 3759 1726 3825 enim
1758 3766 1788 3827 5.

165 3881 295 3945 estuaui
326 3891 360 3945 et
383 3882 533 3947 ardenter
556 3884 742 3949 desideraui
771 3884 885 3950 uidere
912 3884 1147 3970 personaliter,
1178 3880 1245 3974 que
1273 3886 1306 3950 in
1324 3864 1448 3951 'nube⁹
1464 3895 1505 3959 ,et
1525 3871 1691 3972 enigmate
1702 3883 1726 3925 ¹⁰

273 4093 303 4160 i)
317 4092 442 4165 prolapus
461 4095 490 4148 in
508 4092 584 4162 libro]
604 4094 666 4148 iibri
684 4095 727 4149 vel
745 4097 773 4149 in
793 4095 904 4149 iibruur.
935 4097 991 4150 Sed
1009 4095 1077 4150 baec
1100 4097 1205 4150 librarii
1224 4096 1338 4149 alicuius
1357 4099 1428 4161 suut,
1450 4110 1505 4149 non
1522 4092 1727 4177 Tbietnrrri.-

161 4197 193 4265 2)
212 4199 285 4267 meir]
305 4199 501 4267 'l’bictnrarnu,
520 4202 635 4256 ciericur
660 4199 773 4256 honorio
795 4201 883 4270 gradu
908 4204 1052 4258 coinitibrra
1077 4205 1200 4273 superior
1223 4218 1370 4270 eorumque
1394 4199 1462 4269 dux,
1490 4202 1571 4257 facile
1592 4219 1641 4257 eor
1661 4219 1725 4257 anor

161 4307 302 4374 appellare
327 4310 425 4376 potuit.
462 4311 559 4378 Neque
583 4311 724 4379 qnisquam
746 4311 904 4364 vocabulum
928 4306 992 4365 areb
1015 4328 1063 4380 per·
1082 4327 1113 4367 ue
1135 4312 1273 4381 positurus
1291 4310 1377 4364 fuisse
1402 4309 1513 4363 videtur.
1532 4338 1567 4350 -
1591 4308 1622 4379 3)
1641 4309 1725 4379 domo]

160 4416 300 4469 Palmaria
312 4413 384 4472 baec
394 4419 549 4471 coniectura
558 4417 658 4472 Halmii
674 4424 730 4472 erte
750 4419 814 4473 libri
821 4397 1064 4474 meababeutdao.
1080 4447 1116 4459 -
1134 4419 1166 4488 l)
1177 4415 1464 4486 diuiroeretrr‘luta'onia]
1476 4417 1583 4487 cirlip.
1600 4415 1726 4472 aditum.

161 4523 228 4576 v111
240 4521 283 4588 re,
293 4523 344 4590 up.
354 4523 380 4576 11
397 4522 432 4576 nr
443 4523 653 4579 cor.1v17.·-
669 4524 970 4594 psammeticus
988 4537 1084 4581 errem.
1099 4532 1136 4566 -·
1150 4524 1299 4596 opsequ]
1312 4525 1437 4607 torrens.
1465 4526 1542 4583 oure
1554 4505 1726 4579 renunciant

166 4637 229 4684 aunt
239 4646 309 4684 anno
320 4627 472 4685 badaebrae
481 4630 526 4700 tt,
536 4633 554 4686 i.
565 4647 589 4686 e.
600 4639 697 4687 exacto
706 4631 795 4687 rnedlo
805 4610 898 4688 ruente
907 4634 980 4688 Joiio
988 4635 1050 4687 anni
1062 4631 1276 4688 Christianorum
1284 4630 1362 4687 rili.
1376 4631 1574 4686 VideWillrenii
1582 4625 1727 4685 historiam

165 4737 367 4805 expeditionum
386 4754 524 4792 aauaruur
541 4739 602 4793 Vol.
623 4740 660 4792 Vl
678 4757 704 4808 p.
726 4738 777 4793 iti
798 4747 864 4794 uota
882 4736 926 4793 20.
945 4767 980 4779 —
1002 4737 1035 4808 7)
1054 4733 1256 4811 aliquantulum]
1283 4740 1435 4810 Septembri
1460 4753 1552 4793 nreure
1572 4738 1600 4790 iu
1623 4744 1726 4792 terram

161 4859 305 4912 emesena,
337 4855 423 4913 traque
448 4844 483 4899 ad
508 4844 625 4900 medium
650 4862 766 4901 mensem
791 4847 939 4902 Octobrem
965 4849 1071 4903 Accone
1096 4854 1277 4902 cornnroratua
1306 4863 1367 4902 ease
1392 4846 1504 4901 videtur.
1548 4843 1596 4899 Cir
1618 4845 1725 4899 Wilkeu

162 4951 200 5004 v1
218 4948 266 5003 131
287 4958 352 5004 nota
370 4949 414 5006 ³0.
433 4979 470 4992 -
487 4949 519 5018 8)
538 4953 613 5022 aedit]
633 4951 698 5007 mibi
716 4955 826 5023 placuit
856 4954 917 5009 Vid.
933 4952 1192 5025 Ducaugii·lexlcou
1211 4973 1234 5011 a.
1252 4971 1276 5010 v.
1295 4985 1332 4998 -
1349 4954 1381 5027 9)
1398 4955 1428 5008 in
1444 4948 1723 5041 unbeacripturaermr]

162 5060 188 5110 in
208 5059 337 5112 librorum
356 5060 501 5129 farragine.
521 5089 557 5103 -
578 5060 625 5130 1⁰)
643 5063 782 5132 culpante]
802 5064 975 5118 obscuritate.

1467 5161 1479 5213 l
