4214 6096
948 348 1005 409 119

137 523 195 589 der
224 522 381 589 conclusit
406 546 478 587 cum
507 522 582 588 filiis
610 526 784 611 captiuatis
804 523 978 589 Iudeorum
1006 525 1081 610 Gog
1113 535 1145 589 et
1165 525 1302 608 Magog,
1334 532 1462 607 gentem
1489 522 1750 606 spurcissimam,
1781 533 1812 584 ct

136 637 255 704 multos
268 638 368 721 alios,
390 648 423 703 61
442 639 528 725 quod
549 641 668 705 exituri
690 643 815 705 suntin
836 642 1023 705 nouissimis
1044 639 1255 726 temporibus,
1277 648 1309 700 et
1329 637 1450 701 facient
1469 638 1646 701 maximam
1669 646 1810 720 stragem

135 754 311 821 bominum.
353 753 558 819 Soluoioncm
580 754 733 843 relinquo.

641 938 700 1002 XI.
742 937 806 1001 DE
826 937 969 1001 EXI'l'U
991 936 1308 1003 TARTARORUM.

263 1085 424 1150 Existunt
451 1110 529 1151 vcro
558 1090 603 1152 ita
633 1088 772 1151 Tartari.
822 1087 905 1153 Oum
931 1110 1009 1151 vero
1039 1086 1122 1150 vltra
1151 1099 1275 1152 montes
1301 1086 1375 1150 illos
1404 1085 1603 1165 babitarent,
1633 1082 1672 1146 de
1695 1053 1844 1169 quibus}

137 1201 267 1266 videtur
289 1200 397 1266 dicere
419 1203 556 1266 Boecins
570 1204 626 1283 ⁹²),
655 1203 742 1287 quod
770 1202 813 1267 ad
844 1226 899 1267 cos
927 1225 987 1267 nco
1008 1205 1096 1267 sama
1117 1203 1338 1267 Romanorum
1360 1201 1528 1281 veniebat,
1555 1222 1626 1262 cum
1649 1208 1757 1261 essent
1778 1200 1811 1261 in

138 1317 219 1383 locis
241 1319 334 1405 quasi
346 1321 386 1395 ⁹⁴)
410 1318 531 1401 bestie,
560 1329 652 1381 crant
679 1330 827 1405 pastores
858 1330 888 1383 et
914 1318 1124 1382 intendebant
1145 1320 1325 1382 venacioni.
1368 1319 1436 1403 lpsi
1459 1327 1565 1380 antem
1587 1324 1726 1393 montes,
1756 1314 1843 1399 quia

138 1433 330 1500 diuidebant
358 1457 412 1499 eos
432 1436 515 1498 inter
537 1434 699 1498 desertum
721 1444 753 1498 61
774 1436 974 1521 prouinciam
995 1433 1223 1516 habitabilem,
1258 1447 1350 1499 orant
1376 1430 1634 1509 inaccessibiles,
1667 1430 1728 1492 nisi
1750 1452 1809 1514 pcr

53 1571 58 1579 ·
138 1550 302 1636 quendam
323 1550 443 1632 locum,
470 1550 526 1613 vbi
551 1560 621 1613 crat
641 1550 828 1614 fortilicium
849 1553 1024 1614 maximum
1032 1600 1040 1630 ,
1068 1564 1099 1614 ct
1118 1550 1224 1614 nullus
1246 1553 1279 1614 in
1301 1564 1349 1615 co.
1393 1550 1474 1614 Cum
1497 1557 1602 1611 autem
1627 1544 1671 1607 ibi
1696 1544 1812 1629 aliquis
1831 1557 1847 1606 1

139 1670 433 1753 appropinquaret,
461 1675 570 1729 tantus
592 1664 785 1729 audiebatur
808 1667 961 1730 tumultus
983 1668 1076 1751 quasi
1099 1689 1252 1752 equorum
1276 1684 1306 1730 ct
1328 1666 1493 1732 hominurn
1515 1675 1546 1727 ct
1569 1666 1711 1725 maxime
1734 1674 1812 1725 stre-

139 1783 225 1868 pitus
257 1781 423 1858 tubarum,
459 1781 546 1868 quod
575 1783 679 1845 omnis
707 1780 841 1844 audieus
870 1783 1000 1845 territus
1022 1781 1175 1866 fugiebat.
1220 1783 1291 1846 Hoc
1317 1796 1421 1846 61116111
1446 1779 1845 1844 erauta1·tilicioventi.5

141 1896 282 1978 Quidam
305 1906 411 1961 autem
434 1921 474 1960 cx
499 1897 658 1977 Tartaris,
679 1896 849 1961 intendens
872 1899 1053 1976 venaciuni,
1077 1910 1204 1962 secutus
1227 1910 1275 1960 cst
1297 1921 1393 1961 canes
1414 1908 1642 1982 persequentes
1660 1894 1846 1980 leporern.6

138 2012 248 2098 Lepus
275 2035 352 2076 vero
381 2011 501 2076 directe
528 2013 611 2097 fugit
638 2012 679 2075 ad
703 2012 960 2094 fortilicium⁰⁵),
988 2028 1020 2075 ct
1045 2015 1193 2093 intrauit,
1221 2015 1346 2098 fugiens
1376 2035 1480 2076 canes.
1534 2012 1677 2075 Venator
1705 2022 1844 2073 autem?

140 2127 297 2191 auiditate
324 2128 424 2212 prede
453 2141 484 2192 ot
509 2130 696 2193 venacionis
725 2152 788 2192 non
816 2129 957 2192 aduertit
984 2129 1169 2211 tumultum,
1200 2141 1325 2193 etcum
1348 2128 1442 2191 valde
1465 2129 1665 2213 propinquus
1685 2129 1814 2191 timeret

137 2245 277 2325 intrare,
307 2245 395 2307 venit
425 2244 512 2308 bubo
534 2255 566 2307 ot
584 2256 673 2308 stans
695 2267 794 2329 supra
813 2254 942 2329 portam
965 2247 1050 2330 cepit
1071 2256 1211 2308 cantaro.
1256 2244 1347 2307 Tunc
1369 2244 1527 2307 Tartarus
1551 2243 1634 2306 dixit
1655 2244 1740 2305 intra
1762 2260 1847 2314 sc:s

139 2359 234 2442 „Non
255 2370 304 2423 est
324 2359 486 2423 habitacio
509 2360 681 2441 bominum,
705 2360 760 2424 vbi
783 2360 875 2446 lepus
896 2360 981 2444 fugit
1001 2369 1033 2423 ct
1052 2360 1139 2424 bubo
1163 2362 1301 2424 cantat.“'
1345 2360 1388 2423 Et
1411 2361 1457 2423 sic
1479 2358 1671 2423 fiducialiter
1689 2361 1813 2421 intrans
1832 2370 1848 2419 9

140 2475 301 2539 neminem
327 2476 459 2538 inuenit.
501 2475 545 2539 Et
570 2475 675 2539 locum
703 2475 845 2539 lustrans
875 2486 906 2539 et
935 2476 1095 2540 tictioucm
1122 2476 1275 2540 tumultus
1304 2478 1472 2540 inucniens
1500 2474 1597 2537 rediit
1621 2475 1663 2538 ad
1685 2499 1759 2538 suos
1783 2489 1813 2537 ct
1835 2488 1863 2537 16

141 2592 239 2678 peciit
259 2589 330 2653 fieri
352 2592 521 2676 princepe,
551 2594 578 2654 si
601 2591 673 2656 illos
696 2614 766 2655 curn
790 2593 876 2655 omni
901 2592 1072 2655 securitate
1094 2592 1328 2655 transduceret.
1371 2592 1415 2654 Et
1437 2594 1483 2655 sic
1506 2592 1713 2654 transierunt.
1754 2592 1813 2654 116·
1832 2602 1859 2650 11

101 2684 105 2693 ¹
140 2707 247 2772 serens
270 2716 393 2782 autem,
413 2708 572 2791 quomodo
592 2708 772 2771 intrauerat
794 2730 929 2793 sequens
951 2707 1095 2792 leporem
1119 2722 1150 2771 ct
1172 2707 1327 2771 indicium
1341 2712 1381 2783 ⁴³¹⁵)
1406 2707 1558 2787 bubonis,
1583 2708 1814 2770 ordinauerunt

142 2822 283 2904 Tartari,
306 2822 403 2909 quod,
425 2821 500 2887 licet
521 2825 713 2887 necessitato
736 2826 918 2899 coactusll)
937 2824 1065 2909 lugeret
1090 2846 1205 2905 canes,
1234 2836 1341 2888 tamen
1362 2825 1439 2910 quia
1460 2825 1552 2909 (quasi
1576 2823 1813 2909 quodammodo

140 2938 299 3004 indicauit
320 2940 421 3018 viam,
454 2938 570 3023 dignus
592 2952 663 3003 crat
684 2940 818 3022 bonore,
855 2950 885 3003 ct
906 2939 979 3004 idco
999 2939 1159 3003 honorant
1178 2940 1320 3026 leporem
1344 2951 1375 3003 61
1398 2938 1577 3024 depingunt
1598 2962 1670 3003 cum
1691 2943 1723 3003 in
1746 2940 1814 3005 suis

143 3056 241 3119 armis
264 3066 295 3118 61
316 3056 480 3133 tentoriis,
509 3054 669 3119 bubonem
691 3079 786 3137 voro,
815 3056 890 3141 quia
912 3053 1001 3118 1111116
1023 3058 1213 3119 necessitate
1235 3068 1366 3119 coactus
1389 3057 1541 3141 apparuit
1566 3066 1597 3118 ct
1621 3078 1720 3141 supra
1739 3078 1813 3141 por·

142 3182 207 3236 tam
229 3170 344 3234 sedens
368 3173 526 3251 cantauit,
558 3171 668 3234 dicunt
690 3172 790 3235 fuisse
813 3170 963 3256 angelum
984 3170 1063 3252 Dci,
1095 3183 1127 3234 ct
1147 3172 1239 3236 Deus
1261 3173 1392 3236 uocauit
1414 3193 1486 3252 coa,
1515 3182 1549 3234 vt
1571 3173 1727 3235 venirent.
1771 3172 1815 3235 Et
1835 3188 1864 3238 ta

141 3286 213 3351 ideo
241 3284 401 3349 bubonem
433 3286 585 3351 dixerunt
613 3310 677 3350 non
703 3286 908 3351 mediocriter
941 3308 1011 3349 esse
1042 3286 1281 3369 honorandum,
1314 3302 1349 3350 vt
1373 3287 1526 3373 leporem.
1571 3286 1816 3352 Ordinauerunt
1834 3306 1864 3356 13

142 3424 235 3488 ergo,
265 3400 352 3487 quod
379 3402 584 3467 honorabiles
610 3414 641 3466 ct
669 3405 807 3467 maiores
832 3402 1044 3465 Tartaroruru
1076 3402 1238 3466 deferrent
1266 3403 1409 3489 plumam
1430 3415 1462 3466 61
1483 3406 1576 3488 quasi
1599 3427 1752 3468 coronam
1775 3404 1814 3467 de

141 3517 225 3604 pelle
250 3516 389 3581 bubonis
413 3542 512 3604 supra
534 3519 697 3605 capillum.
740 3517 834 3583 Vnde
858 3520 904 3582 ita
925 3519 1113 3583 occiderunt
1136 3542 1246 3583 omncs
1268 3518 1429 3600 bubones,
1464 3519 1550 3605 quod
1573 3521 1630 3583 vix
1652 3521 1815 3583 inuenitur
1834 3535 1865 3584 14

141 3634 256 3719 aliquis
287 3634 321 3695 in
350 3633 497 3716 partibus
525 3638 667 3699 orientis.
712 3634 778 3700 Sed
800 3643 831 3698 ct
851 3644 1048 3699 mercatores
1069 3634 1109 3698 dc
1128 3636 1276 3721 partibus
1299 3633 1475 3698 occidentis
1497 3634 1648 3698 occidunt
1670 3635 1814 3699 bubones
1833 3648 1865 3698 15

141 3760 173 3815 et
192 3759 325 3837 portant
344 3749 444 3827 61691)
466 3748 574 3835 pelles.
619 3750 778 3814 Venditur
801 3753 886 3813 cnim
909 3773 973 3812 vna
995 3750 1081 3814 bona
1102 3749 1194 3836 pellis
1218 3774 1318 3835 usque
1339 3751 1380 3814 ad
1404 3751 1520 3834 viginti
1549 3748 1659 3814 libras.
1702 3751 1746 3815 Et
1768 3754 1815 3816 sio
1833 3741 1865 3857 {2

142 3866 274 3931 Tartari
294 3864 506 3929 reddiderunt
527 3869 631 3931 amico
653 3890 711 3931 suo
734 3865 854 3931 buboni
875 3865 962 3929 mala
982 3888 1041 3950 pro
1064 3866 1172 3947 1161116,
1202 3868 1296 3951 quia,
1324 3866 1400 3928 duur
1421 3865 1532 3929 dicunt
1554 3889 1625 3929 eum
1645 3866 1815 3950 honorare,

141 4005 213 4047 eum
241 3980 409 4045 decoriant
439 3991 470 4045 61
498 3980 657 4062 occidunt,
696 3994 727 4045 et
748 3982 871 4045 l'aciunt
893 3984 991 4058 61699)
1014 4004 1165 4046 coronam
1189 3982 1228 4045 de
1251 3981 1333 4068 pelle
1357 3983 1463 4059 amici,
1484 3984 1518 4045 in
1539 3981 1601 4045 boc
1624 3985 1814 4047 conuenien-

141 4112 189 4165 tes
211 4120 283 4163 cum
296 4096 445 4161 Tartaris
467 4097 695 4178 infernalibus,
718 4098 842 4161 scilicet
864 4096 1064 4178 demonibus
1086 4100 1161 4184 quia
1182 4121 1336 4162 coronam
1360 4097 1423 4162 sibi
1443 4099 1567 4162 16616111
1589 4099 1629 4163 de
1645 4099 1815 4164 animabus

141 4224 358 4301 pcccatorum,
380 4213 435 4298 qui
457 4214 504 4276 eis
527 4215 680 4292 seruiunt,
701 4236 828 4300 semper
852 4212 972 4276 malum
997 4235 1057 4297 pro
1080 4214 1164 4277 bono
1188 4216 1301 4277 amicis
1322 4213 1505 4279 reddentes.

575 4395 650 4459 Xll.
694 4396 756 4460 DE
779 4395 1041 4461 PROGRESSU
1065 4396 1381 4461 TARTARORUM.

265 4544 431 4608 Exeuntcs
460 4552 566 4605 autem
590 4543 719 4608 Tartari
743 4544 783 4609 dc
804 4547 968 4610 montibus
989 4547 1098 4609 statim
1120 4547 1264 4610 feceruut
1286 4547 1468 4629 consilium,
1498 4548 1656 4632 quomodo
1684 4558 1816 4632 possent
1835 4564 1845 4612 1

141 4659 203 4724 sibi
226 4658 402 4743 subiugarc
424 4670 523 4721 totum
546 4658 665 4723 orbem.
708 4660 751 4723 Et
773 4661 856 4725 dixit
877 4662 1017 4746 Magnus
1040 4661 1143 4741 Oban,
1167 4663 1256 4725 ouius
1277 4686 1391 4727 nomen
1408 4662 1598 4728 Camiustan
1614 4665 1683 4737 ¹⁰⁰):
1706 4662 1849 4745 „Duo-2

201 4828 408 4902 9311166161]
442 4827 557 4886 Boethii
592 4829 799 4887 consolationis
829 4831 955 4908 pbiloso·
1060 4831 1289 4902 9616611611.

142 4926 230 5006 pbiae
248 4925 387 4983 librosV
416 4926 461 4986 611.
485 4926 618 5003 Callyus.
664 4927 722 4985 Ubi
749 4949 775 5006 p.
800 4934 856 4989 157
879 4930 896 4989 l.
920 4935 953 4989 14
1061 4932 1112 5002 98)
1134 4931 1185 5006 eir}
1210 4930 1273 4990 sibi.

141 5026 260 5104 legitur:
289 5026 426 5082 Nerulum
461 5024 626 5082 Caucasum
655 5035 776 5083 ruentem
802 5029 956 5085 Romanae
1060 5034 1111 5101 99)
1134 5029 1185 5104 eis]
1206 5029 1269 5089 sihi.

141 5128 214 5200 reip.
231 5126 323 5196 suma
345 5125 583 5181 transcenderat.
1045 5130 1111 5201 100)
1135 5125 1318 5203 Caruiastan]
1342 5128 1479 5186 Fortasse
1505 5125 1662 5204 legendum
1685 5138 1729 5185 est
1757 5131 1815 5185 Ta-

203 5261 256 5329 94)
283 5253 359 5314 cod·
387 5252 422 5313 G·
455 5254 543 5313 habe,
564 5274 668 5330 quam,
698 5254 869 5326 absurdum,
901 5259 955 5316 nisi
999 5227 1140 5296 micatus,
1170 5225 1248 5304 quod
1278 5227 1398 5305 propius
1424 5224 1538 5284 accedit
1559 5226 1597 5284 ad
1618 5227 1742 5285 formam
1762 5248 1814 5285 no-

143 5353 288 5434 qmdam
311 5352 456 5412 excidisse
477 5372 634 5412 sumamus·
998 5325 1084 5382 minis
1108 5325 1309 5382 Temudscbin.
1352 5323 1468 5382 Dicitur
1493 5325 1570 5383 onim
1593 5324 1620 5385 b.
1642 5325 1659 5385 l.
1684 5325 1814 5385 Tamud-

997 5416 1095 5493 βίη,
1127 5423 1177 5501 qui
1205 5430 1250 5480 est
1270 5421 1514 5498 Dscbingiscban.
1559 5422 1627 5483 Vid.
1648 5426 1817 5501 Degaipnes

999 5519 1174 5580 Gcscbicbte
1195 5521 1249 5580 der
1271 5520 1402 5579 Hunnen
1423 5553 1464 5562 —
1483 5519 1635 5581 ubersetat
1656 5542 1714 5581 von
1736 5522 1816 5579 nab·

206 5620 258 5687 911)
280 5616 354 5678 cod.
376 5614 414 5677 G.
437 5617 556 5689 iudicio,
572 5616 651 5695 quod
674 5619 858 5678 correximus.
999 5630 1064 5679 nort
1083 5619 1180 5678 Partis
1200 5620 1248 5678 ΙΙΙ
1270 5641 1297 5698 p.
1324 5626 1359 5681 13
1382 5639 1443 5699 sqq.

205 5492 257 5559 95)
270 5484 460 5560 sortiliciam]
481 5484 659 5545 fortalitium.
