4214 6096
622 1588 911 1665 PRAEFATIO
938 1588 1199 1665 animosus
1225 1592 1363 1667 PRlOl
1378 1592 1434 1667 IS.

314 1854 501 1920 Wilbrandi
523 1856 732 1932 itinerarium,
755 1857 902 1940 quamvis
923 1865 1070 1920 extrema
1093 1867 1188 1942 parte
1208 1859 1401 1935 mutilatum,
1423 1869 1459 1922 ut
1480 1857 1659 1937 ederemus,
1682 1857 1864 1943 complures

190 1998 251 2040 nos
270 1971 478 2038 adduxerunt
498 1973 649 2036 rationes.
691 1972 822 2035 Etenim
844 1994 942 2056 quum
964 1970 1183 2038 illustrissima
1205 1977 1374 2061 scriptoris
1396 1976 1537 2059 origine,
1568 1984 1636 2037 turn
1662 1975 1765 2060 ipsius
1788 1973 1865 2038 libri

193 2092 295 2178 pretio
316 2089 433 2152 iterum
454 2089 634 2173 iterumque
654 2088 881 2168 monebamur,
903 2096 939 2151 ut
960 2088 1099 2173 spissas,
1122 2090 1239 2174 quibus
1260 2092 1324 2154 viri
1347 2102 1378 2154 et
1399 2090 1556 2153 memoria
1577 2099 1608 2153 et
1629 2091 1784 2175 scriptum
1807 2091 1864 2153 im-

191 2206 305 2271 merito
327 2202 468 2268 obducta
488 2203 648 2286 iacebant,
668 2204 819 2268 tenebras
843 2202 1017 2288 dispellere
1040 2203 1252 2270 studeremus.
1297 2206 1451 2271 Nicolaus
1474 2205 1680 2269 Schotenius:
1712 2208 1867 2282 „Totamb

192 2322 312 2407 inquit,
341 2322 417 2398 „ite-r
438 2343 519 2381 sanni
544 2325 763 2382 Willebrandus
784 2327 925 2397 elepanti,
952 2334 984 2379 at
1006 2331 1066 2381 tum
1086 2327 1224 2395 serebant
1247 2335 1397 2401 tempora,
1425 2325 1602 2383 narratione
1625 2326 1792 2399 compleras
1813 2332 1865 2385 est.

192 2442 251 2501 seu
277 2460 356 2498 niinc
384 2442 444 2496 eins
473 2440 638 2497 doctrinam
666 2460 704 2496 ea·
730 2439 847 2497 erudita
876 2440 931 2496 hnc
954 2439 1167 2513 lucubratione,
1187 2461 1238 2499 sen
1260 2442 1353 2516 riiaqis
1375 2442 1542 2517 reiipioncrn
1560 2444 1756 2516 pietatemque
1778 2440 1866 2499 aesti-

193 2578 275 2617 mare
295 2558 371 2626 libet,
393 2555 505 2612 illustre
526 2576 599 2613 sane
617 2554 738 2613 virtutis
757 2553 966 2629 doctrinaeque
988 2559 1134 2628 specimen
1156 2577 1193 2614 ex
1212 2557 1339 2632 priuata
1363 2556 1501 2614 canonici
1521 2555 1584 2612 trita
1607 2554 1717 2613 aertitf‘
1753 2552 1865 2639 Neque

194 2669 376 2755 negabitur,
397 2666 583 2731 Wilbrandi
604 2667 897 2754 peregrinationem
919 2689 1000 2751 puro
1024 2666 1199 2731 admodum
1222 2667 1390 2754 nitidoque
1413 2689 1559 2732 sermone
1575 2677 1769 2749 enarratam,
1790 2691 1864 2752 geo·

195 2784 330 2871 graphis
352 2786 476 2869 pariter
498 2794 593 2870 atque
615 2784 778 2847 historicis
801 2794 832 2845 et
853 2784 925 2846 usui
947 2783 1033 2863 fore,
1063 2785 1192 2868 suisque
1214 2784 1320 2848 adhuc
1341 2783 1500 2848 fructibus
1523 2784 1677 2847 caruisse.
1721 2782 1864 2869 Geogra·

194 2902 291 2989 phioa
312 2902 396 2965 enim
418 2900 516 2963 medii
538 2900 621 2979 acri,
643 2898 777 2963 Ciliciae
799 2898 978 2984 imprimis,
1009 2901 1149 2983 cognitio
1168 2924 1232 2964 non
1254 2902 1368 2986 paucis
1392 2923 1412 2963 a
1433 2898 1628 2963 Wilbrando
1650 2910 1787 2983 augetur
1808 2922 1864 2964 uo·

194 3016 352 3097 minibus3
380 3014 532 3080 Austriae
555 3015 716 3078 historicis
739 3013 979 3099 Leopoldorurn
1007 3018 1090 3079 sexti
1119 3028 1150 3079 et
1172 3017 1302 3101 septimi
1323 3039 1376 3079 res
1396 3026 1506 3100 gestas
1532 3015 1573 3078 ab
1596 3037 1633 3078 co
1657 3026 1864 3097 memoratae,

196 3132 365 3219 philologis
389 3142 482 3218 porta
500 3130 682 3195 Alexandri
701 3130 744 3194 M.
765 3129 878 3195 librol
903 3152 973 3215 cap.
989 3131 1102 3194 XVllI
1125 3133 1308 3195 accuratius
1330 3131 1504 3217 descripta,
1526 3130 1690 3195 literariae
1710 3129 1865 3195 historiae

196 3247 409 3335 scriptoribus
437 3248 641 3311 narrationes
670 3247 711 3311 de
738 3246 910 3333 Apollonio
942 3246 1044 3331 Tyrio
1072 3258 1104 3309 et
1137 3246 1177 3309 do
1199 3246 1355 3329 Virgilio,
1382 3270 1463 3330 quas
1491 3248 1622 3331 attingit
1642 3245 1865 3330 Wilbrandus,

197 3367 311 3429 merito
341 3364 459 3429 debent
487 3363 714 3428 cornmcnduri.
758 3364 795 3427 ln
827 3362 1024 3427 recensendo
1055 3361 1116 3426 hoc
1143 3365 1310 3427 itinerario
1339 3376 1468 3448 praeter
1490 3363 1662 3426 editionem
1685 3364 1865 3449 principem

198 3482 271 3547 anni
290 3479 467 3545 MDCLlll
490 3481 534 3543 uti
556 3480 652 3543 nobis
674 3480 810 3561 contigit
836 3479 1043 3564 apographo,
1070 3478 1157 3563 quod
1180 3478 1314 3564 Georgii
1335 3480 1457 3543 l'crtzii
1481 3478 1671 3542 hmnanitati
1697 3492 1865 3564 iiceeptum

196 3599 378 3680 referimus,
399 3595 611 3675 berolinensi,
635 3593 741 3658 seculo
757 3594 854 3658 ΧῊΙ
877 3594 1002 3658 duabus
1025 3594 1174 3659 manibus
1195 3597 1378 3681 conscripto
1401 3596 1560 3681 ductoque
1576 3618 1618 3659 ex
1637 3594 1749 3659 codem
1766 3596 1865 3677 tbnte,

196 3714 278 3779 unde
298 3713 417 3778 Leonis
437 3711 549 3775 Allatii
580 3712 647 3775 sive
669 3709 818 3774 Bartoldi
842 3710 968 3775 Nihusii
991 3710 1115 3787 (Allatii
1139 3714 1328 3792 Συμιιίκτοις
1352 3712 1596 3798 comprehensa)
1625 3711 1722 3775 editio
1753 3734 1861 3775 mana·

197 3834 251 3897 vit.
294 3831 346 3893 De
369 3852 427 3892 suo
450 3828 534 3892 libro
557 3830 777 3912 manuscripto
799 3828 880 3891 haec
902 3827 980 3891 dicit
1000 3826 1157 3891 Allatius:
1189 3827 1426 3909 „ll'illchrandi
1456 3830 1583 3911 copiam
1615 3828 1692 3891 t'ccit
1713 3827 1793 3891 mihi
1814 3852 1863 3892 re-

196 3970 266 4011 rurn
284 3946 398 4010 harum
422 3945 636 4030 peritissimus
657 3942 762 4005 Lucas
783 3942 988 4024 llolstenius,
1019 3965 1113 4027 quem
1144 3966 1185 4007 ox
1204 3943 1407 4008 Bibliotheca
1428 3944 1576 4007 Puteana
1601 3943 1775 4025 habuerat,
1809 3945 1864 4008 de·

197 4066 352 4149 seriptum
378 4084 418 4125 ex
438 4070 564 4123 vetusto
585 4060 805 4157 manuscripto
824 4059 1000 4122 Brancnsis
1024 4060 1212 4124 nronasterii
1230 4082 1332 4145 prope
1352 4060 1589 4123 Suessionenr.“
1618 4058 1719 4123 Cuius
1741 4060 1863 4124 codicis

196 4178 372 4265 exemplar,
400 4176 507 4241 seculo
529 4176 610 4239 XVI
642 4187 766 4256 orturn,
793 4176 930 4238 Parisiis
963 4177 1125 4239 asservari
1157 4175 1283 4238 dicitur.
1325 4174 1411 4247 (vid.
1439 4176 1535 4237 Perta
1565 4172 1689 4241 Archiv
1711 4176 1780 4240 Vll.
1803 4182 1864 4253 tn.)

195 4295 427 4383 Apographon,
451 4291 537 4378 quod
560 4292 762 4374 contulimus,
784 4290 987 4355 berolinense
1008 4293 1195 4375 insignitum
1218 4300 1280 4354 est:
1303 4289 1362 4352 hls.
1386 4289 1480 4354 Dice.
1504 4290 1541 4355 O.
1562 4290 1633 4354 Fol.
1657 4300 1706 4359 eii.
1746 4292 1812 4356 Nos
1835 4294 1865 4357 ei

195 4422 302 4477 netem
324 4411 351 4473 B
373 4408 531 4473 dedimus.

316 4526 487 4590 Dabamus
508 4523 691 4607 Hamhnrgi
714 4522 873 4587 Pasehate
895 4545 922 4588 a.
944 4522 1236 4587 MDCCCLVllll.
