4214 6096
999 333 1052 398 tet

191 511 288 578 modo
310 512 454 597 uirgines
475 512 510 575 in
529 510 592 576 hac
611 521 700 576 terra
721 533 742 576 a
763 509 953 576 demonibus
974 511 1095 576 fuerint
1116 522 1272 597 corrupte
1295 520 1328 576 et
1348 511 1553 596 impregnate
1567 511 1638 592 ¹⁷¹),
1661 520 1693 575 et
1712 511 1746 574 in
1767 532 1868 595 quan-

191 639 260 692 tum
280 628 345 714 ipsi
364 626 516 692 demones
537 626 684 692 homines
705 627 829 712 primos
850 625 944 691 huius
974 636 1060 691 terre
1082 626 1214 692 colonos
1236 625 1478 705 infestauerint,
1508 624 1562 689 ille
1583 627 1728 714 requirat
1747 625 1868 691 librum
1966 624 1968 629 ’

193 744 353 830 prepositi
372 741 553 807 Hermanni
574 733 616 806 de
632 741 875 827 Lugonne¹⁷²),
906 742 940 806 in
969 764 1032 829 quo
1053 744 1126 828 ipse
1147 743 1198 806 uir
1219 741 1338 807 nobilis
1361 752 1394 806 et
1413 741 1560 827 piissime
1582 741 1737 806 memorie
1759 741 1868 806 omnia

193 869 225 923 et
245 858 345 924 multo
367 858 462 944 plura
484 856 524 922 de
547 867 633 922 statu
652 857 749 922 huius
770 867 856 922 terre
878 856 972 942 plene
994 867 1027 921 et
1046 857 1088 922 ad
1103 880 1242 942 unguem
1258 857 1440 942 descripsit.
1482 856 1582 922 Cuius
1602 857 1708 921 anime
1724 861 1867 932 uestra²)
1889 861 1917 912 ¹8

193 975 365 1039 caritatiua
386 976 489 1038 oratio
512 971 663 1058 dignetur
682 974 857 1038 reminisci.

317 1088 474 1154 XXVIII.
516 1089 626 1153 Primo
657 1088 792 1151 introitu
821 1092 962 1151 Schernis
976 1090 1032 1167 173)
1059 1088 1284 1176 applicuimus.
1334 1088 1406 1170 Que
1426 1100 1475 1154 θεῖ
1498 1091 1614 1154 ciuitas
1633 1110 1752 1176 parua,
1775 1062 1901 1179 redu}

193 1205 333 1288 munita,
361 1215 504 1270 castrum
534 1204 657 1269 habens
680 1204 713 1267 in
736 1225 771 1267 se
792 1213 954 1268 muratum
977 1214 1009 1267 θῖ
1029 1206 1189 1269 turritum.
1231 1205 1338 1289 Atque
1361 1205 1503 1269 maxime
1524 1208 1557 1269 in
1580 1227 1638 1270 suo
1662 1204 1748 1269 bono
1771 1211 1902 1288 portut

191 1319 357 1406 glorietur.
406 1321 446 1384 In
479 1319 598 1384 finibus
629 1319 724 1383 huius
752 1340 813 1382 rex
841 1301 945 1405 Cypri
973 1319 1071 1385 habet
1104 1331 1242 1407 quatuor
1272 1320 1358 1385 bona
1391 1334 1509 1386 castra.
1552 1319 1597 1383 Et
1628 1331 1760 1401 notate,
1793 1297 1901 1413 quia}

192 1436 372 1521 Imperator
384 1435 548 1499 Henricus
570 1434 735 1499 dominum
755 1434 849 1499 huius
872 1445 957 1499 terre
979 1437 1118 1522 primum
1141 1457 1250 1521 regem
1274 1436 1440 1500 constituit
1463 1447 1495 1500 et
1516 1458 1575 1522 per
1596 1458 1711 1500 manus
1724 1432 1868 1501 Conradi

193 1551 378 1616 cancellarii
411 1552 579 1616 coronauit
592 1553 656 1629 ¹³⁴).
699 1550 786 1614 Hinc
816 1561 880 1631 est,
912 1551 998 1637 quod
1025 1574 1084 1616 rex
1115 1552 1209 1617 huius
1234 1561 1320 1616 terre
1342 1574 1475 1616 romano
1497 1551 1707 1637 Imperatori,
1738 1550 1903 1614 dominos

195 1690 264 1755 suo,
287 1677 413 1732 tenetur
435 1690 476 1731 ex
499 1666 664 1731 fidelitate.

316 1782 396 1847 Inde
423 1782 634 1869 procedentes
667 1783 813 1847 uenimus
840 1784 1003 1862 Cossicm⁰)
1019 1785 1082 1860 ¹⁷⁵).
1124 1784 1195 1848 Hec
1226 1796 1276 1848 est
1302 1782 1453 1869 capitalis
1480 1784 1597 1846 ciuitas
1627 1782 1747 1847 domini
1770 1759 1901 1876 regia}

193 1897 260 1962 fere
291 1900 326 1961 in
354 1897 464 1962 media
494 1897 634 1985 planicie
660 1897 757 1974 illicd)
788 1899 865 1979 sita,
895 1898 1016 1963 nullam
1046 1899 1168 1964 habens
1191 1901 1409 1964 munitionem.
1452 1898 1490 1962 In
1513 1921 1577 1984 qua
1605 1921 1690 1962 nunc
1712 1898 1901 1984 temporise

193 2014 277 2078 forte
299 2024 439 2077 castrum
454 2013 662 2079 elaboratum.
696 2012 951 2078 Innumerabiles
966 2025 998 2078 et
1013 2014 1108 2080 ualde
1127 2016 1303 2102 prediuites
1319 2015 1417 2079 habet
1424 2021 1449 2090 ⁰)
1465 2013 1709 2095 inhabitatores,
1732 2036 1869 2100 quorum
1891 2025 1919 2076 to

194 2130 341 2216 hospicia
362 2132 534 2193 intrinseco
557 2140 673 2194 ornatu
695 2140 726 2193 et
747 2130 883 2216 picturis
913 2129 1068 2216 hospiciis
1090 2132 1261 2220 Antiochie
1284 2143 1357 2196 sunt
1385 2130 1545 2194 similima.
1586 2130 1624 2194 In
1654 2129 1716 2193 hac
1738 2129 1869 2193 ciuitate
1889 2140 1917 2189 11

195 2257 244 2310 est
271 2245 364 2309 sedes
391 2245 687 2332 archiepiscopalis.
728 2244 772 2309 Et
791 2246 894 2310 estin
917 2261 956 2309 ea
977 2248 1070 2311 curia
1092 2257 1124 2310 et
1145 2246 1308 2333 palacium
1336 2246 1458 2310 domini
1480 2248 1584 2331 regis,
1613 2247 1648 2308 in
1678 2266 1740 2331 quo
1763 2245 1868 2330 primo
1890 2254 1919 2304 12

193 2361 333 2426 uidimus
353 2361 573 2426 struthionem.
610 2361 682 2425 Hec
704 2363 820 2425 ciuitas
842 2361 984 2426 distata
1007 2361 1162 2428 Schernis
1181 2366 1323 2450 quinque
1348 2362 1446 2427 milia.
1483 2361 1521 2425 In
1544 2362 1635 2425 cuius
1657 2361 1709 2424 uie
1731 2362 1869 2424 transitu
1888 2336 1919 2455 {ff

193 2478 227 2542 in
256 2475 373 2541 multas
401 2476 573 2541 incidimus
603 2497 792 2562 cypressos,
824 2499 887 2562 que
914 2476 1015 2556 illic‘)
1043 2480 1077 2543 in
1102 2479 1204 2544 multa
1236 2489 1386 2543 crescunt
1413 2477 1582 2552 distratess)
1606 2477 1796 2561 quantitate.
1839 2476 1919 2539 Au

194 2593 321 2680 quibus,
343 2602 380 2656 ut
400 2603 489 2679 puto,
507 2593 582 2678 ipsa
603 2590 710 2656 insula
733 2591 862 2678 Cyprus
886 2605 935 2657 est
957 2593 1131 2680 appellata.

317 2707 444 2772 XXIX.
485 2706 539 2772 Ab
567 2706 623 2771 illa
649 2706 860 2793 procedentes
888 2710 922 2773 in
950 2712 1211 2796 peregrinatione
1240 2710 1282 2773 ad
1302 2708 1499 2774 uisitandam
1519 2730 1649 2772 crucem
1671 2708 1806 2772 latronis
1827 2707 1899 2772 adt

194 2825 343 2890 dextram
365 2823 498 2888 Domini
518 2823 666 2888 crucifixi
687 2824 904 2910 processimus
924 2831 1071 2888 Lamszim
1086 2828 1150 2903 ¹⁷⁶).
1188 2825 1259 2907 Qus
1280 2837 1329 2891 est
1349 2827 1467 2891 ciuitas
1488 2847 1553 2890 non
1575 2823 1711 2889 multum
1734 2825 1901 2906 munitat
1984 2808 1990 2818 ¹

194 2942 303 3005 iacens
324 2942 359 3004 in
380 2938 475 3004 litore
495 2943 605 3020 maris,
629 2952 758 3025 portum
780 2939 902 3005 habens
923 2942 1173 3027 frequentatum.
1208 2943 1245 3006 In
1268 2965 1332 3029 qua
1354 2952 1403 3006 est
1423 2943 1531 3028 prima
1555 2941 1647 3005 sedes
1664 2941 1902 3025 suffraganeae

196 3054 390 3143 episcopalis
413 3055 535 3120 domini
557 3056 757 3119 nicosiensis.

318 3172 414 3235 luxta
434 3169 522 3234 illam
546 3173 608 3234 sita
629 3180 703 3234 sunt
724 3172 839 3236 uineae
859 3174 1087 3254 Enqoddi177),
1110 3173 1151 3236 de
1172 3174 1289 3258 quibus
1312 3176 1345 3240 in
1370 3177 1517 3242 Canticis
1532 3176 1601 3252 ¹ill:
1632 3180 1743 3236 Botrus
1768 3175 1870 3252 Cypri,
1888 3183 1903 3232 t

196 3294 318 3352 dilectus
339 3310 417 3347 meas
438 3291 509 3348 mihi
529 3294 560 3347 in
582 3292 676 3348 uineis
701 3292 851 3366 Enqaddi.
892 3288 932 3352 In
959 3288 1077 3376 quibus
1106 3289 1281 3376 aliquando
1305 3293 1407 3356 eciam
1429 3291 1656 3356 inueniebatur
1677 3288 1869 3370 balsamum,
1887 3299 1902 3348 5

197 3404 253 3470 sed
283 3402 379 3467 modo
410 3426 474 3466 non
503 3404 674 3466 inuenitur.
726 3401 811 3466 Uina
843 3415 950 3468 autem
976 3404 1103 3469 illarum
1138 3408 1262 3492 optima
1290 3418 1377 3490 sunt,
1412 3408 1556 3493 expertis
1585 3405 1781 3470 eredendum
1810 3407 1903 3485 est,⁶

196 3522 347 3606 quoniam
370 3517 578 3604 probauimus
600 3528 632 3581 et
652 3519 863 3602 gustauimus,
886 3521 963 3607 quia
985 3543 1084 3584 suaue
1106 3526 1194 3597 esto).

319 3635 428 3709 XXX.
471 3634 550 3698 Inde
583 3633 829 3698 conscendimus
857 3647 980 3696 inontsm
1007 3650 1111 3699 sancte
1138 3643 1235 3700 crucis
1257 3639 1472 3724 appellatum,
1503 3640 1556 3725 qui
1584 3638 1693 3703 omnia
1714 3645 1899 3701 montanal

195 3754 298 3839 Cypri
328 3752 552 3838 supereminet.
593 3749 632 3813 In
661 3751 751 3813 cuius
779 3752 945 3815 cacumine
974 3763 1023 3816 θεῖ
1050 3753 1214 3840 quoddam
1243 3777 1380 3840 paruum
1409 3754 1586 3820 cenobium.
1635 3724 1902 3841 Monachorum}

194 3870 272 3950 uita,
295 3880 331 3932 ut
352 3890 433 3954 pace
453 3869 598 3953 ipsorum
620 3866 735 3940 dicam,
758 3876 808 3929 θεῖ
829 3865 1041 3933 dissimilima.
1079 3869 1117 3934 In
1137 3870 1209 3956 ipso
1233 3869 1368 3935 cenobio
1391 3883 1440 3934 est
1461 3868 1588 3955 capella
1612 3890 1725 3954 parua,
1747 3870 1782 3930 in
1804 3875 1902 3953 quat

194 3983 394 4048 honorabilis
418 3982 474 4047 illa
495 4005 576 4046 crux
597 3981 695 4046 multo
716 3993 902 4046 reseruatur
924 3983 1055 4049 honore.
1101 3984 1173 4064 Que
1195 3989 1307 4067 eciam,
1330 3997 1365 4051 ut
1382 3985 1516 4068 dicunt,
1538 3984 1625 4049 nullo
1649 3986 1790 4048 innitens
1813 3980 1901 4046 ssd-⁵

194 4098 347 4165 miniculo
376 4101 409 4162 in
440 4108 515 4162 aere
543 4097 661 4183 pendet
692 4110 725 4164 et
743 4098 893 4176 fluctuat;
921 4098 1007 4185 quod
1031 4112 1138 4164 tamen
1161 4124 1225 4166 non
1247 4101 1375 4166 uidetur
1396 4102 1436 4167 de
1457 4101 1554 4165 facili.
1598 4100 1669 4181 Que
1691 4099 1752 4165 hoc
1772 4097 1902 4162 modot

262 4285 290 4348 a)
311 4288 406 4334 nostra
427 4279 510 4334 Bao.
547 4280 614 4333 Voc.
634 4289 725 4334 cestra
742 4298 757 4334 e
777 4280 935 4335 coniectura
952 4281 1116 4351 scripsimus.
1137 4315 1169 4322 -
1186 4282 1215 4351 b)
1234 4291 1260 4336 et
1279 4283 1385 4337 munita
1403 4283 1426 4334 B
1442 4282 1491 4336 Ed.
1529 4281 1587 4336 Sed
1609 4298 1624 4335 e
1641 4282 1801 4335 coniectura
1821 4295 1869 4348 po·

328 4363 438 4416 suimus.
458 4395 489 4403 -
508 4370 534 4427 c)
555 4362 677 4417 Cossium
695 4365 725 4418 B.
752 4365 897 4418 Nicosicm
914 4366 965 4422 Ed.
983 4398 1016 4406 -
1041 4367 1069 4437 d)
1087 4367 1117 4418 ia
1132 4368 1224 4420 matio
1238 4367 1363 4436 planicie
1380 4367 1458 4420 illios
1477 4367 1563 4420 BEd.
1601 4366 1658 4419 Nos
1676 4382 1691 4418 e
1709 4365 1870 4418 coniectura

329 4447 389 4500 illic
408 4447 574 4516 scripsimus.
595 4479 624 4486 -
643 4450 669 4518 e)
688 4449 902 4503 inmemorabiles
920 4451 999 4503 habet
1016 4457 1041 4503 st
1057 4450 1140 4503 uadis
1154 4450 1204 4504 Ed.
1217 4482 1250 4490 —
1271 4450 1297 4516 f)
1317 4450 1395 4504 illinc
1414 4451 1462 4504 Ed.
1482 4483 1510 4490 —
1531 4455 1562 4520 g)
1581 4451 1703 4503 discreta
1723 4448 1808 4501 BEd.
1826 4448 1869 4499 di-

330 4537 415 4584 strate
431 4548 446 4585 e
463 4533 622 4585 coniectura
642 4531 773 4585 dedimus.
789 4562 821 4570 -
840 4531 869 4598 h)
886 4533 1050 4586 credendum
1069 4543 1112 4586 est
1129 4533 1196 4602 poia
1214 4533 1393 4602 probavimus
1411 4540 1439 4588 et
1456 4534 1628 4603 gustavimus
1644 4531 1774 4602 quioniam
1786 4545 1870 4582 suave

328 4623 370 4668 est
388 4614 473 4667 BEd.
509 4613 562 4667 Sed
582 4613 616 4668 cf.
635 4615 657 4667 I.
678 4620 714 4669 ti.
732 4623 747 4670 6
765 4614 940 4683 scriptionem
959 4620 986 4667 et
1003 4622 1059 4670 not.
1097 4617 1169 4679 Quia
1189 4624 1231 4671 est
1248 4633 1357 4671 vemas.
1375 4617 1447 4676 dass.
1466 4617 1629 4671 Latinorum
1650 4617 1716 4669 Ace.
1736 4631 1759 4667 c.
1779 4611 1829 4666 inf.

259 4806 327 4876 171)
350 4803 541 4879 impregnata]
564 4800 611 4862 Cf.
633 4801 741 4865 Genea.
765 4803 818 4875 VI,
841 4811 867 4865 t.
1051 4814 1205 4863 coronatus
1239 4814 1292 4864 est.
1335 4771 1379 4864 V.¹
1394 4804 1470 4863 Abel
1502 4805 1603 4881 Kenig
1632 4801 1751 4881 Philipp
1779 4822 1806 4880 p.
1830 4804 1868 4861 34

258 4906 326 4975 172)
348 4903 389 4961 Η,
410 4904 445 4958 de
466 4901 616 4977 Lupones]
646 4901 833 4961 Hermannus
856 4901 893 4962 de
914 4902 1010 4982 Lyon,
1050 4916 1080 4963 θῖ
1100 4909 1168 4967 317.

192 5002 376 5158 ΡῐῖθΡοθὶωῧ
398 5000 517 5078 capium
539 5001 648 5078 cyprii,
668 5001 736 5059 alibi
760 5022 819 5060 ¹¹⁰⁰
837 5021 1009 5060 ⁰⁰¹¹¹¹¹¹⁰¹¹¹⁰'
1117 5030 1184 5098 175)
1209 5026 1350 5102 Cossium]
1374 5027 1481 5085 turcico
1504 5023 1686 5101 Leflcosclsa,
1710 5025 1869 5102 antiquitus

192 5119 280 5159 raur.

257 5201 326 5273 173)
359 5197 509 5273 Scherais]
545 5198 683 5276 antiquas
717 5196 878 5277 Ceryniae,
913 5198 1009 5257 medio

192 5317 266 5358 aevo
293 5296 332 5357 ab
353 5297 418 5355 aliis
441 5295 577 5369 Carinus,
604 5316 682 5355 nunc
704 5295 840 5376 Kspsolc,
871 5297 1010 5369 'I'zerina

193 5396 339 5455 aTumifl
362 5392 473 5455 Gimeh
494 5396 670 5457 minatae¹
1119 5375 1186 5444 177)
1219 5369 1368 5446 anudm]
1403 5369 1487 5430 Vites
1522 5368 1708 5447 engaddinae
1743 5389 1762 5426 a
1796 5369 1870 5426 mari

256 5498 325 5568 174)
347 5495 510 5572 coronavit]
526 5494 693 5554 Amalricus
711 5491 749 5552 de
763 5494 915 5572 Lusignan
930 5516 1008 5555 anno
1052 5479 1164 5529 ¹¹¹⁰rt¹¹⁰
1186 5467 1242 5527 huc
1263 5468 1422 5527 “amiam
1443 5469 1533 5528 fui⁸⁸⁰
1553 5468 1698 5527 Videntur·

195 5600 269 5655 1197
302 5592 440 5653 Nicosiae
468 5593 589 5654 Henrici
612 5592 656 5652 VI
681 5593 819 5672 auspiciis
841 5591 933 5674 Cypri
959 5613 1009 5652 rex
1116 5596 1183 5661 178)
1205 5596 1237 5649 in
1258 5590 1401 5668 Canticis]
1423 5594 1448 5665 I,
1470 5599 1500 5653 4.

1051 5126 1173 5185 Nicosia
1194 5127 1381 5186 nominatam.

1116 5253 1185 5324 176)
1208 5248 1362 5324 Lamesim]
1384 5267 1442 5308 rec.
1462 5248 1596 5320 Limisso,
1620 5245 1757 5307 Lisaasol.
