4214 6096
1005 355 1044 415 79

191 539 292 601 iacuit
313 535 462 601 Christus
468 583 477 613 ‚
513 534 628 599 relicta
653 547 702 598 est
729 534 826 598 nuda.
871 532 942 612 Quc
968 531 1041 604 loca
1071 530 1183 595 fideles
1212 529 1421 594 deuotissime
1454 526 1650 592 osculantur.
1693 525 1765 610 Ego
1797 525 1870 588 steti

192 664 287 719 nocte
307 673 374 715 una
395 652 430 714 in
452 650 516 736 hijs
539 649 665 715 duobus
687 650 783 732 locis,
804 672 892 714 nunc
908 650 1022 730 istum,
1048 669 1135 712 nunc
1156 645 1245 709 illum
1268 643 1453 708 osculando.
1494 643 1568 707 Non
1589 642 1657 705 uidi
1679 662 1738 704 nec
1759 639 1871 704 audiui

192 768 350 856 aliquem,
382 768 438 852 qui
465 765 587 831 dixerit
613 790 647 830 se
668 767 791 831 uidisse
823 764 993 829 ecelesiam
1014 774 1080 827 tam
1103 762 1255 827 deuotam
1276 769 1343 824 toto
1368 758 1447 823 orbe
1467 769 1639 822 terrarum.
1682 755 1764 820 Sunt
1785 757 1870 819 enim

191 887 226 949 in
246 906 285 948 ea
308 882 479 967 columpne
504 903 683 947 marmoree
702 906 760 968 per
783 893 921 969 quatuor
951 879 1080 944 ordines
1103 877 1259 962 disposite
1287 874 1489 940 nobilissime
1510 898 1576 938 non
1603 873 1707 937 solnm
1729 872 1870 935 multitu·

191 999 285 1081 dine,
315 998 372 1064 sed
394 997 617 1082 magnitudine
639 998 806 1085 stupende.
848 996 1003 1061 Prctcrea
1023 996 1117 1058 nauis
1140 995 1213 1080 ipsa
1241 992 1375 1057 ecclesie
1398 991 1537 1076 desuper
1560 989 1748 1074 columpnas
1769 1009 1871 1073 usquc

193 1114 368 1179 adtrahes
391 1114 479 1177 sacta
501 1124 553 1178 est
574 1113 613 1177 de
637 1137 734 1200 opere
756 1115 882 1177 mnsiuo
904 1110 1122 1199 pulcherrimo
1145 1120 1176 1172 et
1196 1107 1397 1172 nobilissimo
1422 1107 1503 1185 [dep
1524 1104 1671 1170 omnibus
1687 1105 1830 1168 historiis
1852 1125 1872 1167 a

192 1232 358 1296 creatione
376 1229 490 1293 mundi
511 1251 613 1315 usque
635 1230 678 1294 ad
701 1228 876 1293 aduentum
898 1227 1034 1291 Domini
1056 1225 1099 1291 ad
1121 1225 1284 1304 iudicium]
1297 1227 1364 1300 565).
1408 1224 1526 1287 Το111111
1553 1225 1686 1308 insuper
1706 1222 1871 1306 pauimen-

194 1358 262 1411 tum
285 1344 419 1410 ecclesic
442 1355 577 1409 stratum
601 1357 649 1409 est
670 1367 831 1409 marmore
854 1343 1055 1407 diuersorum
1078 1341 1229 1422 colorum,
1251 1341 1338 1427 quod
1360 1343 1488 1427 pictura
1507 1339 1639 1403 decorat
1662 1337 1702 1400 dc
1724 1334 1872 1400 omnibus

192 1462 337 1527 historiis
360 1484 380 1525 a
400 1446 565 1524 creatione
591 1461 704 1525 mundi
724 1482 828 1544 usque
850 1460 893 1522 ad
915 1458 1090 1523 aduentum
1109 1457 1245 1522 Domini
1266 1456 1310 1521 ad
1331 1456 1485 1520 iudicium
1496 1504 1504 1535 ,
1534 1459 1702 1538 quarumb)
1727 1452 1872 1537 precium

194 1576 373 1642 secundum
409 1576 594 1661 opinionem
621 1575 795 1640 multorum
824 1598 889 1639 non
919 1583 1027 1660 potest
1055 1575 1209 1637 estimari.
1263 1571 1472 1638 Incredibilia
1502 1570 1640 1656 quedam
1669 1579 1802 1655 possent
1834 1568 1873 1631 de

194 1714 293 1778 opere
315 1692 411 1756 huius
444 1690 578 1757 ecclesie
609 1692 718 1756 scribi.
762 1691 937 1754 Sarraceni
969 1688 1097 1776 quidem
1120 1711 1230 1753 omnes
1253 1689 1408 1753 ccclesias
1429 1687 1524 1750 beate
1544 1687 1680 1770 uirginis
1704 1685 1873 1766 honorant,

195 1807 254 1872 scd
281 1809 435 1892 precipue
464 1809 568 1873 istam.
614 1808 691 1871 Uidi
720 1830 780 1892 ego
807 1811 841 1870 in
862 1806 999 1871 ecclesia
1023 1808 1087 1869 ista
1107 1805 1297 1869 miraculum
1320 1804 1503 1888 gloriosum.
1547 1802 1727 1882 soldanus,
1761 1799 1874 1864 uidens

194 1925 230 1986 in
252 1921 391 1987 ecclesia
411 1923 468 1987 illa
491 1934 641 1988 ornatum
665 1933 696 1988 et
718 1922 846 1987 tabulas
867 1934 897 1986 ct
918 1922 1109 2007 columpnas
1131 1944 1240 1986 omncs
1261 1921 1428 2006 preciosas
1448 1918 1545 1982 ualde
1557 1968 1565 1999 ‚
1596 1919 1744 2004 precepit
1766 1917 1875 1980 omnia

196 2037 318 2124 deponi
341 2049 372 2102 et
393 2042 518 2124 portari
537 2041 571 2102 in
592 2040 820 2126 Babyloniam,
842 2040 953 2103 uolens
976 2039 1051 2102 inde
1075 2036 1238 2122 palacium
1260 2059 1351 2100 snum
1374 2035 1535 2098 edificare.
1579 2035 1663 2097 Mira
1686 2033 1876 2097 1551511111-

196 2154 288 2218 cibus
312 2176 385 2218 cum
407 2157 628 2220 instrumentis
648 2156 876 2220 accedentibus
898 2159 969 2241 ipso
991 2154 1097 2218 adhuc
1120 2164 1247 2216 astante
1261 2152 1402 2217 Soldano
1426 2173 1498 2214 cum
1518 2149 1627 2214 multis
1645 2150 1718 2214 aliis
1736 2150 1776 2213 de
1796 2172 1874 2213 sano

197 2282 229 2333 et
250 2273 376 2355 integro
398 2272 531 2357 pariete,
554 2294 648 2355 quem
670 2295 730 2335 ncc
754 2294 832 2335 aens
856 2271 1028 2334 uidebatur
1049 2279 1241 2353 penetrare,
1264 2292 1396 2354 serpens
1418 2268 1499 2330 mire
1520 2267 1751 2350 magnitudinis
1776 2267 1877 2329 exiuit

199 2388 368 2472 primeque
388 2387 507 2468 tabule,
529 2410 590 2473 que
611 2389 770 2466 occurrit,
800 2410 942 2450 morsum
964 2386 1061 2450 dedit.
1105 2385 1233 2450 Tabula
1254 2408 1311 2471 pcr
1334 2395 1555 2447 transuersum
1578 2386 1713 2468 crepuit.
1757 2382 1876 2446 Secun-

199 2502 274 2566 dam
295 2502 378 2566 adiit
398 2506 594 2587 terciamque
619 2514 649 2567 et
669 2513 818 2588 quartam
842 2516 875 2568 et
895 2502 1048 2588 deinceps
1068 2526 1170 2588 usqne
1192 2502 1234 2565 ad
1257 2504 1470 2578 tricesimam,
1502 2500 1600 2562 etita
1623 2498 1771 2562 omnibus
1793 2499 1876 2561 acci-

199 2617 255 2682 dit.
299 2617 458 2683 Omnibus
483 2619 686 2705 stupentibus
711 2631 743 2682 51
763 2621 835 2704 ipso
859 2618 1002 2683 Soldano
1024 2620 1174 2683 continuo
1196 2618 1398 2703 propositum
1420 2621 1625 2692 reuocantcss)
1656 2637 1790 2700 serpens
1813 2612 1876 2675 dis·

199 2736 314 2818 paruit.
363 2733 531 2798 Remansit
562 2737 663 2819 igitur
692 2735 829 2798 ecclesia
858 2745 888 2799 et
918 2746 1062 2798 remanet
1089 2756 1190 2817 usque
1218 2733 1315 2797 hodie
1344 2733 1427 2795 sicut
1454 2732 1562 2817 prius3
1597 2733 1738 2816 uestigia
1769 2742 1877 2795 tamen

200 2851 346 2936 corporis
373 2853 532 2937 serpentis
562 2856 754 2936 apparente)
784 2874 885 2935 usquc
913 2850 1010 2915 hodie
1032 2852 1136 2914 eciam
1159 2849 1294 2933 singulis
1315 2847 1452 2927 tabulis,
1485 2869 1565 2932 quas
1589 2850 1756 2928 transinit,
1785 2848 1878 2933 quasi

206 2964 385 3029 combustio
417 2966 553 3052 quedam
582 2969 656 3050 igne
685 2969 779 3031 t'acta.
820 2967 865 3030 Et
892 2990 990 3053 super
1017 2969 1125 3031 omnia
1145 2964 1293 3028 mirabile
1314 2964 1457 3043 uidetur,
1487 2963 1647 3046 quomodo
1671 2962 1879 3049 serpensille

202 3081 379 3167 procedere
401 3085 504 3168 potuit
525 3106 584 3169 per
604 3095 827 3146 transuersum
847 3086 881 3146 in
903 3085 1037 3168 pariete,
1060 3084 1115 3166 qui
1139 3093 1208 3144 erat
1226 3081 1343 3166 planus
1361 3090 1393 3143 ct
1406 3077 1626 3164 politissimuS,
1649 3082 1732 3143 sicut
1750 3081 1878 3143 nitrum.

330 3197 368 3260 ln
390 3200 479 3262 exitu
497 3199 591 3262 huius
614 3198 747 3262 ecclesie
771 3208 882 3262 contra
905 3197 1087 3284 aquilonem
1110 3209 1158 3261 est
1180 3197 1320 3261 ambitus
1343 3196 1476 3260 claustri
1496 3196 1738 3278 monachorum,
1761 3196 1878 3282 inquo

202 3323 250 3378 est
272 3319 346 3375 cella
371 3318 448 3375 beati
466 3317 679 3388 111151ιί111ῡῦ1)
709 3325 740 3378 51
760 3314 862 3378 lectus
885 3320 952 3379 eius
975 3327 1007 3380 ct
1030 3314 1212 3400 sepulcrum
1235 3324 1267 3377 et
1287 3314 1413 3376 officina
1436 3312 1583 3395 claustri,
1613 3314 1647 3376 in
1675 3336 1736 3399 quo
1761 3311 1879 3397 legitur

201 3428 314 3494 beatus
335 3429 513 3494 leronimus
536 3431 703 3516 prefuisse.
745 3431 783 3494 In
804 3431 938 3494 australi
959 3441 1052 3516 parte
1074 3431 1163 3495 chori
1186 3429 1365 3494 ostenditur
1387 3428 1488 3510 locus,
1510 3429 1566 3493 ubi
1587 3452 1707 3514 magna
1732 3450 1809 3514 pars
1831 3430 1878 3491 in-

200 3548 411 3623 nocentium)
435 3546 551 3610 dicitur
573 3548 743 3611 interiecta
765 3559 796 3610 et
817 3546 939 3610 ibidem
961 3545 1097 3632 sepulta.

324 3663 375 3727 De
398 3662 534 3726 ccclesia
555 3665 618 3725 ista
641 3674 795 3749 quantum
816 3674 865 3726 est
888 3664 991 3725 iactus
1014 3662 1132 3748 lapidis
1153 3664 1220 3725 fere
1244 3672 1357 3725 contra
1380 3662 1534 3725 orientem
1557 3673 1605 3723 est
1633 3663 1756 3720 ecclesia
1776 3671 1879 3722 sancte

202 3782 297 3841 Paule
319 3792 347 3839 et
367 3779 598 3853 Eustoctiiffi).
640 3778 706 3841 Ubi
729 3780 830 3841 eciam
854 3789 928 3840 sunt
950 3776 1099 3862 sepulcra
1122 3777 1305 3840 earundem.

324 3894 377 3957 Dc
398 3893 585 3958 Bethlehem
616 3893 657 3957 ad
677 3893 845 3957 dimidiam
875 3893 1000 3956 leucam
1028 3907 1141 3958 contra
1163 3892 1363 3956 occidentem
1386 3903 1435 3956 est
1455 3891 1533 3955 nilla
1554 3892 1683 3954 nomine
1704 3891 1879 3969 1351511515),
1900 3898 1928 3946 11

203 4032 264 4096 qne
283 4008 454 4073 habundat
475 4012 595 4096 optimo
617 4013 701 4084 nino,
723 4012 769 4072 ita
792 4009 877 4093 quod
898 4011 932 4072 in
954 4023 1043 4073 terra
1066 4009 1120 4072 illa
1142 4032 1207 4073 non
1228 4010 1390 4073 inuenitur
1412 4007 1535 4072 melius.
1569 4005 1678 4070 lncole
1695 4008 1788 4070 huius
1805 4005 1880 4069 nillc

202 4148 312 4190 omnes
339 4137 414 4189 sunt
437 4126 623 4192 Christiani.
666 4126 727 4189 Isti
756 4124 866 4189 colunt
887 4127 999 4190 uineas
1021 4125 1080 4189 has
1103 4136 1134 4187 ct
1154 4124 1304 4188 uillarum
1327 4124 1548 4188 adiacencium
1577 4125 1610 4186 in
1633 4123 1791 4186 descensu
1812 4122 1879 4187 nal·

200 4239 242 4306 lis
264 4241 472 4327 Raphaym‘)
502 4264 601 4327 usque
631 4241 672 4305 ad
696 4250 871 4306 torrentem
894 4241 997 4323 botri,
1030 4252 1063 4305 ct
1084 4241 1204 4304 habent
1225 4241 1434 4325 priuilegium
1457 4264 1477 4304 a
1498 4239 1640 4304 Soldano
1660 4238 1708 4302 ibi
1728 4239 1880 4302 manendi

203 4369 234 4422 et
255 4356 381 4421 colendi
405 4380 475 4438 eas,
498 4368 530 4420 et
552 4357 691 4420 reddunt
713 4357 855 4421 Soldano
878 4381 1032 4443 maguum
1054 4358 1129 4421 indc
1152 4381 1291 4421 censum.

327 4475 378 4538 De
393 4473 580 4537 Bethlehem
595 4473 642 4537 VI
664 4473 762 4536 leucis
786 4484 898 4537 contra
914 4475 1068 4537 orientem
1088 4496 1187 4558 supra
1201 4495 1292 4567 mare
1309 4483 1470 4537 mortuum
1488 4488 1536 4537 est
1551 4495 1642 4537 mons
1661 4474 1802 4551 Enpaddi
1814 4470 1881 4544 1561),
1901 4479 1931 4528 11

203 4589 243 4654 de
265 4612 327 4677 quo
348 4589 468 4653 dictum
493 4603 541 4653 est
563 4612 669 4677 supra.

270 4790 296 4854 a)
314 4787 408 4840 Verba
425 4789 457 4841 (lc
476 4790 598 4842 ornatibus
616 4819 648 4827 -
666 4790 705 4841 ad
721 4786 854 4839 iurlr‘cr'am
877 4785 928 4837 doc
948 4784 1008 4838 loco
1024 4802 1114 4838 errore
1134 4792 1242 4853 ponunt
1260 4785 1293 4839 St
1305 4785 1330 4838 h.
1358 4818 1389 4824 -
1412 4787 1441 4857 11)
1459 4796 1589 4857 priuatam
1607 4786 1645 4841 St.
1674 4802 1786 4850 peratum
1803 4782 1831 4837 11.
1849 4813 1881 4822 -

338 4877 364 4939 5)
381 4874 574 4925 runcandus
592 4871 631 4926 St.
656 4877 800 4924 renascente
818 4869 843 4926 h.
869 4899 899 4907 —
929 4868 957 4938 d)
976 4877 1056 4937 aperit
1074 4867 1113 4922 St.
1139 4878 1276 4939 (apparent
1293 4869 1318 4924 h.
1342 4903 1372 4911 -
1399 4882 1424 4934 5)
1444 4873 1612 4925 trinovantum
1636 4869 1667 4923 St
1681 4869 1706 4919 h.
1730 4899 1762 4906 -
1792 4867 1819 4938 f)
1838 4885 1882 4919 ra·

335 4955 409 5025 phar?
428 4954 467 5010 St.

268 5130 339 5199 565)
362 5129 397 5184 de
426 5128 556 5185 omnibus
587 5127 719 5184 historiis
743 5159 778 5167 -
804 5130 846 5185 ad
872 5125 1020 5200 iudicium]
1127 5129 1197 5196 567)
1218 5126 1315 5182 Paule
1336 5135 1363 5182 et
1385 5126 1546 5200 Eustachii]
1571 5125 1607 5183 V.
1631 5125 1745 5184 Toblcr
1766 5126 1883 5185 Bethle-

204 5223 289 5284 Haec
309 5225 401 5284 verba
422 5246 492 5297 sno,
519 5227 574 5284 nisi
596 5225 700 5299 fallor,
721 5226 785 5284 loco
809 5224 1021 5285 enunciationis
1063 5223 1130 5282 hem
1153 5245 1182 5302 p.
1209 5228 1264 5282 199
1287 5243 1329 5302 sq.

205 5324 512 5437 ⁰·01135m10'sequentis
535 5345 604 5383 ⁰⁸⁸⁰
622 5322 753 5437 '‘luf’dam
772 5334 862 5393 ¹¹¹⁰ta’
883 5344 940 5402 ‘1¹¹⁰
958 5342 1021 5402 per'
1126 5375 1197 5445 568)
1217 5373 1321 5448 Bezeb]
1353 5372 1389 5432 V.
1420 5372 1533 5433 Toblcr
1563 5374 1696 5455 'l'0pogn
1727 5397 1753 5435 V·
1783 5374 1881 5434 Jews·

203 5431 294 5481 1111515
315 5421 871 5493 ridebantnr‚anob1sinsertasnut.
1063 5472 1104 5532 H·
1127 5477 1194 5533 413·

265 5525 337 5594 566)
361 5523 535 5580 collabenti
556 5523 706 5597 leronimi]
732 5522 768 5582 V.
791 5521 904 5581 'l'obler
925 5522 1020 5584 Bethl.

204 5640 231 5698 p.
257 5625 323 5682 194.
1128 5628 1198 5692 569)
1223 5623 1363 5698 Eapuddi
1386 5656 1426 5665 —
1447 5625 1551 5699 supra]
1575 5623 1644 5685 VIl.
1669 5630 1714 5685 52.
