4214 6096
1111 349 1148 409 56

234 548 266 602 26
408 527 492 591 Huic
513 528 592 592 sonti
615 526 743 592 adiacet
763 525 921 613 predium,
942 525 1029 613 quod
1051 525 1141 590 dedit
1160 525 1260 591 Iacob
1281 524 1415 612 Ioseph,
1436 525 1501 590 filio
1524 547 1581 590 suo
1588 572 1597 606 ‚
1620 534 1714 589 extra
1734 524 1852 591 fratres
1872 550 1956 593 suos.

283 645 327 710 Et
347 656 396 709 est
417 643 512 707 uallis
533 642 631 728 longa
656 653 687 706 et
708 642 824 708 fertilis
845 653 876 707 et
897 664 1013 707 amena
1033 643 1138 722 nimis,
1159 653 1190 707 et
1210 647 1319 707 nescio
1340 663 1423 728 eque
1444 662 1596 727 magnam
1618 639 1735 705 uallem
1754 639 1801 704 illi
1818 641 1956 708 similem

282 762 315 824 in
337 759 470 824 deliciis.

405 876 442 940 In
466 874 595 940 Sichem
617 875 744 962 sepulta
766 885 840 939 stmt
861 895 934 940 ossa
955 873 1083 960 loseph,
1106 873 1205 937 allata
1226 873 1302 937 illuc
1322 874 1361 938 de
1383 873 1522 959 Egypto.

232 1020 263 1071 ῃ
407 992 459 1055 Dc
480 991 610 1056 Sichem
630 1002 767 1075 quatuor
788 989 887 1054 leucis
912 1000 1024 1053 contra
1047 999 1190 1053 austrum
1214 990 1307 1053 iuxta
1335 990 1421 1053 uiam
1449 989 1596 1054 cuntibus
1616 987 1791 1054 Ierusalem
1815 987 1856 1052 ad
1878 987 1957 1053 dex-

281 1119 366 1174 tram
395 1119 442 1171 est
464 1108 635 1183 Letna³⁰⁶>
667 1105 773 1170 casale
785 1155 794 1186 ,
830 1104 997 1190 pulchrum
1027 1104 1131 1170 ualde.
1174 1104 1235 1168 Est
1267 1114 1375 1169 tamen
1405 1105 1469 1169 alia
1498 1107 1614 1170 ciuitas
1636 1106 1669 1168 in
1688 1104 1775 1169 tribu
1802 1104 1956 1181 ludam)

282 1224 397 1288 Lebna
420 1222 517 1302 dicta,
540 1221 597 1286 scd
618 1225 681 1286 ista
700 1222 760 1284 fuit
782 1219 822 1284 de
845 1219 1142 1306 tribuEffr·ay1n⁸).

232 1363 264 1414 28
406 1338 458 1402 De
480 1336 592 1401 Lebna
615 1339 755 1424 quinque
776 1336 876 1400 leucis
897 1348 1009 1401 contra
1032 1350 1177 1401 austrum
1199 1347 1248 1399 est
1268 1334 1401 1422 opidum
1422 1341 1578 1397 drachmas
1588 1336 1664 1411 ³⁶⁸),
1691 1357 1842 1421 magnum
1865 1339 1956 1419 satis,

283 1453 369 1541 quod
390 1454 450 1517 fuit
468 1454 622 1516 terminus
645 1451 748 1516 tribus
768 1451 914 1538 Effraym
945 1461 1058 1516 contra
1090 1462 1243 1516 austrum.
1286 1451 1378 1514 Nunc
1401 1450 1517 1514 dicitur
1539 1453 1694 1529 Biro³⁰⁹).
1737 1452 1780 1516 Et
1810 1453 1870 1518 fuit
1890 1453 1955 1518 die·

282 1569 345 1633 bus
365 1571 437 1633 istis
460 1568 578 1632 milicie
602 1567 789 1655 templi370).
832 1569 929 1632 quta
949 1568 1032 1632 latus
1055 1570 1123 1632 eius
1146 1567 1287 1632 australe
1315 1577 1387 1631 stmt
1409 1569 1537 1630 termini
1563 1568 1645 1630 inter
1665 1566 1784 1631 tribum
1806 1567 1955 1654 Effraym

283 1696 315 1750 et
335 1685 514 1751 Beniamin.

233 1820 265 1870 19
408 1801 460 1865 De
483 1799 652 1864 Machmas
672 1809 783 1864 contra
803 1812 946 1864 austrum
969 1799 1128 1864 adunam
1150 1799 1274 1863 leucam
1305 1810 1353 1862 est
1376 1801 1484 1861 Gabar
1507 1799 1693 1880 Saulis³⁷¹),
1721 1797 1776 1862 ubi
1799 1819 1958 1885 oppressa

283 1919 343 1982 fuit
365 1939 447 1980 uxor
467 1917 598 1998 Louitc,
630 1938 690 2001 que
714 1918 802 1981 uenit
823 1917 862 1981 de
883 1918 1065 1998 Bethleem,
1099 1938 1158 2002 pro
1181 1916 1333 2000 quatere
1354 1925 1421 1979 tota
1440 1914 1544 1979 tribus
1566 1914 1736 1978 Beniamin
1758 1913 1865 1978 deleta
1886 1914 1955 1979 fuit.

283 2033 337 2098 De
359 2034 422 2097 ista
444 2033 503 2096 fuit
525 2031 679 2097 oriundus
701 2032 789 2114 Saul,
811 2033 895 2097 filius
917 2034 983 2114 Cis,
1006 2035 1129 2119 primus
1149 2054 1208 2095 rex
1230 2031 1340 2095 Israel.

232 2176 267 2226 30
407 2149 459 2212 De
483 2147 599 2212 Gabaa
621 2148 662 2211 ad
682 2171 777 2212 tinam
800 2149 924 2213 leucam
945 2166 1058 2213 eontra
1079 2158 1224 2212 austrum
1247 2159 1295 2211 est
1316 2145 1394 2210 uilla
1413 2153 1512 2209 Rauca
1526 2146 1596 2223 3η),
1628 2149 1661 2210 in
1681 2157 1788 2211 monte
1811 2148 1892 2228 sita,
1914 2146 1956 2210 ad

285 2268 450 2330 sinistram
478 2263 625 2328 euntibus
653 2266 686 2327 in
708 2264 900 2345 Ierusalem,
932 2276 1025 2329 extra
1051 2267 1139 2328 uiam
1168 2286 1232 2327 non
1259 2263 1364 2347 lenge.
1407 2263 1459 2326 De
1482 2262 1542 2327 hac
1564 2261 1705 2326 creditur
1729 2262 1849 2327 dietum
1872 2263 1956 2327 Iere-

284 2384 432 2458 mie³³³):
459 2386 525 2444 on
547 2385 577 2441 in
599 2386 698 2442 Barna
721 2384 826 2442 audito
847 2395 897 2445 est.

407 2498 458 2561 De
479 2496 582 2561 Rama
604 2496 647 2560 ad
668 2495 748 2560 duas
769 2496 876 2561 leucas
900 2510 1011 2560 eontra
1034 2505 1176 2559 austrum
1200 2505 1248 2559 est
1270 2497 1384 2558 ciuitas
1407 2494 1549 2581 gloriosa
1572 2500 1742 2571 Ierusalem,
1764 2493 1805 2558 de
1828 2516 1892 2580 qua
1915 2493 1958 2559 ad

283 2636 417 2702 presens
444 2612 542 2676 nichil
574 2611 694 2688 scribo,
723 2612 833 2676 uolens
860 2612 966 2676 redire
994 2633 1053 2698 per
1078 2611 1221 2692 Sichem,
1250 2622 1281 2674 et
1302 2612 1407 2697 primo
1430 2612 1577 2674 ciuitates
1600 2610 1751 2697 colligere
1775 2610 1816 2674 de
1837 2609 1956 2696 angulo

283 2732 400 2795 montis
420 2730 567 2815 Effraym
590 2739 622 2791 et
644 2751 806 2791 resumere
828 2751 889 2815 quc
913 2729 1061 2803 dimisib).

408 2847 493 2910 Nota
535 2858 659 2923 tamen,
701 2843 786 2930 quod
823 2843 931 2930 plures
969 2858 1042 2907 sunt
1078 2841 1153 2905 uille
1188 2844 1221 2905 in
1261 2853 1348 2905 terra
1383 2854 1512 2920 sancta,
1555 2864 1616 2928 que
1654 2841 1804 2907 dicuntur
1837 2841 1958 2907 Rama:

285 2985 349 3026 una
379 2964 470 3025 iuxta
493 2960 736 3037 'tseuamouo
769 2961 838 3036 uia,
867 2983 928 3045 quc
960 2977 1008 3023 est
1037 2961 1119 3023 iuter
1148 2980 1219 3020 eam
1251 2972 1280 3020 et
1304 2957 1536 3039 ebrona-³³⁵),
1569 2956 1633 3021 alia
1661 2958 1694 3020 in
1720 2956 1809 3022 tribu
1836 2957 1957 3044 Nepta-

354 3130 379 3185 ai
398 3126 431 3177 de
449 3124 521 3175 tribu
540 3124 607 3175 iuda
624 3121 663 3176 St.
680 3128 794 3195 effraym
812 3123 837 3175 h.
861 3154 887 3161 -
911 3123 940 3193 b]
958 3124 1046 3175 cliraer'sr'
1064 3120 1103 3175 St.
1123 3122 1218 3174 ‹liruisi
1236 3120 1262 3174 h.
1286 3151 1316 3159 —
1344 3132 1369 3187 c)
1389 3129 1498 3174 tecumm
1516 3120 1556 3175 St,
1574 3129 1677 3175 taetrum
1694 3119 1720 3177 h.
1740 3153 1771 3163 -
1795 3123 1823 3193 d)
1840 3124 1890 3177 uio
1908 3140 1959 3193 que

430 3214 468 3259 est
485 3207 558 3259 iutra
576 3207 659 3260 ebron
678 3204 716 3261 st.
738 3225 792 3275 qaia
812 3209 867 3259 itur
884 3208 965 3259 ebron
984 3205 1008 3260 h.

285 3360 323 3420 de
346 3360 439 3420 Vclde
467 3382 551 3419 mem.
581 3382 608 3439 p.
632 3365 698 3431 352,
727 3361 778 3420 scd
807 3361 874 3420 vide
905 3374 972 3419 autc
1003 3362 1100 3430 cornia
1142 3359 1240 3428 rabor,
1268 3360 1285 3417 ι’.
1311 3379 1335 3417 e.
1358 3359 1433 3416 eirca
1455 3379 1563 3417 anirum
1590 3363 1680 3428 1283,
1708 3369 1770 3417 erat
1791 3361 1960 3439 templariis,

285 3481 361 3540 quae
382 3481 409 3539 p.
436 3465 490 3519 146
522 3471 590 3517 uota
616 3467 696 3519 tata
717 3460 827 3539 profert
847 3459 1024 3528 Boumatos,
1051 3462 1099 3538 qui
1142 3458 1246 3536 quibus
1274 3477 1367 3524 mum,
1397 3479 1484 3536 quum
1515 3459 1587 3516 hace
1615 3458 1724 3529 scribo,
1753 3478 1812 3516 nou
1834 3461 1960 3538 amplius

283 3561 372 3617 etium
394 3559 552 3637 specialem
575 3556 783 3617 urbisSiehem
806 3558 934 3617 tabulam
952 3558 1025 3616 libro
1047 3579 1099 3616 suo
1142 3567 1193 3616 cst.
1216 3590 1254 3598 —
1284 3555 1344 3615 Sed
1366 3559 1527 3635 quaeritur.
1555 3555 1672 3635 quando
1694 3556 1846 3615 Machmas
1867 3578 1889 3616 s.
1912 3559 1958 3616 Bi·

285 3656 450 3715 addendam
474 3658 592 3718 curavit.
1141 3678 1201 3715 ram
1222 3657 1371 3715 amiserint
1392 3656 1543 3734 templarii.

349 3760 417 3816 3662
441 3756 549 3830 Lebuo]
574 3755 708 3814 Libonah
732 3759 865 3836 antiqua,
885 3777 987 3816 recens
1009 3758 1098 3817 Khau
1208 3762 1277 3828 371ΙΙ
1304 3757 1411 3815 Galae
1435 3755 1546 3830 Saulis]
1570 3757 1689 3833 antiqua
1710 3753 1834 3823 Gibeah,
1856 3776 1960 3816 recens

287 3852 388 3912 Lebau
424 3874 446 3911 s.
483 3854 617 3913 Lubbsn.
670 3854 736 3913 l'id.
772 3877 798 3914 v.
826 3855 955 3916 Raumer
988 3878 1014 3936 p.
1048 3864 1101 3918 133
1146 3856 1367 3914 Tuleil-el-Fsl.
1413 3854 1449 3914 V.
1482 3853 1959 3934 vaudeVeldeMem.p.315.

286 3972 363 4011 num.
390 3957 453 4012 121.
1145 3955 1233 4028 Quod
1256 3956 1378 4013 fortasse
1401 3953 1587 4012 confunditur
1609 3972 1673 4011 cum
1697 3952 1799 4024 Rama,
1820 3974 1877 4033 quo
1901 3975 1960 4013 non

349 4056 419 4122 :3675
442 4052 471 4107 iu
494 4053 570 4107 triba
594 4053 681 4127 Iuda]
709 4052 826 4111 Libnah
855 4056 974 4132 antiqua
996 4067 1040 4112 est
1061 4076 1102 4111 re·
1145 4055 1291 4133 superius,
1319 4063 1351 4110 ut
1379 4055 1507 4112 sectione
1530 4058 1567 4112 311
1591 4053 1731 4123 innuitur,
1759 4051 1811 4111 sed
1840 4053 1961 4113 iuferius

285 4168 356 4207 oeus
383 4148 474 4206 'Arak
503 4149 743 4226 el-Menschijeh,
774 4163 804 4208 ut
831 4153 916 4210 docet
937 4152 1103 4212 Vaudevel·
1146 4155 1230 4211 situm
1253 4162 1305 4209 est.
1349 4151 1395 4211 cf.
1418 4174 1445 4210 v.
1465 4152 1593 4209 llaunrer
1615 4172 1642 4229 p.
1668 4157 1722 4210 177
1746 4171 1774 4210 n.
1796 4156 1843 4213 33.

286 4246 351 4305 dius
372 4268 398 4325 p.
422 4252 490 4307 333.
535 4245 580 4306 Ct'.
604 4269 629 4306 r.
654 4248 780 4306 Baomcr
804 4271 830 4328 p.
859 4257 912 4310 130
936 4273 963 4310 u.
991 4256 1054 4312 123.
1208 4256 1279 4322 372)
1301 4261 1343 4307 est
1375 4253 1448 4308 ailla
1477 4250 1584 4324 Ratira]
1616 4269 1719 4308 recens
1744 4250 1872 4311 erBtim.
1916 4250 1961 4312 Cf.

350 4350 420 4417 368,
442 4345 607 4419 ,Machmas-l
637 4347 684 4404 sic
716 4349 801 4405 etiam
831 4369 909 4407 nunc
931 4352 1103 4429 appellatur.
1146 4351 1364 4408 annotationem
1388 4349 1621 4428 praecedentem.
1665 4348 1701 4410 V.
1727 4369 1785 4408 van
1805 4348 1842 4409 de
1864 4349 1961 4410 Velde

287 4443 341 4501 Est
370 4445 490 4523 antiqua
511 4444 699 4505 Micluuaseh.
744 4446 848 4524 Neque
878 4457 976 4506 tamen
997 4462 1040 4507 est
1062 4469 1104 4509 re·
1147 4472 1175 4527 p.
1200 4454 1267 4510 342.

286 4562 356 4601 oens
379 4543 481 4612 Bireh,
511 4555 540 4600 ut
571 4556 652 4620 putat
680 4543 873 4603 Burehardus.
918 4545 953 4604 V.
983 4568 1040 4605 van
1068 4548 1105 4608 de
1210 4554 1267 4608 373
1304 4548 1412 4604 dictum
1433 4548 1565 4622 Iereuu'e]
1589 4547 1709 4605 XXXI.
1736 4553 1779 4608 15.
1815 4547 1875 4607 Sed
1894 4549 1961 4608 vide

288 4641 383 4699 Valde
403 4640 490 4701 Mem.
515 4664 542 4720 p.
566 4647 632 4701 331.
677 4642 769 4700 liitter
788 4642 873 4701 XVI.
892 4648 949 4703 523
965 4667 1022 4724 sq.;
1045 4669 1101 4706 von
1146 4649 1309 4705 versionem
1331 4648 1488 4724 antiquam,
1510 4647 1651 4717 italicam,
1671 4666 1759 4724 quam
1778 4646 1892 4715 dicunt,
1914 4668 1962 4706 ve·

286 4740 414 4799 llaumer
436 4762 462 4818 p.
490 4747 552 4801 133.
1145 4759 1236 4805 terem
1256 4765 1292 4802 ex
1315 4743 1381 4802 edit.
1406 4742 1550 4803 Sabaterii
1573 4745 1611 4805 ll.
1634 4750 1709 4818 638,
1736 4744 1785 4803 ubi
1807 4760 1864 4804 est:
1897 4746 1962 4805 tssox

351 4842 423 4909 333)
445 4840 532 4915 Birol
556 4841 694 4903 Beeroth.
718 4843 832 4911 Biroth,
855 4844 945 4912 Beer,
967 4845 1035 4902 urbs
1056 4847 1102 4902 tri·
1146 4846 1176 4901 in
1198 4846 1316 4901 Rhama
1338 4842 1437 4900 audita
1460 4856 1517 4918 est,
1544 4865 1596 4922 pro
1619 4845 1723 4922 quibus
1748 4844 1835 4921 Vulg.
1857 4845 1961 4904 habet:

288 4937 342 4996 bus
365 4939 527 5003 Beniamin,
547 4960 646 4999 roccus
669 4942 806 5000 cl-Bireh.
846 4942 881 5001 V.
903 4942 996 5000 Ritter
1016 4944 1102 5002 XVI.
1147 4943 1212 5001 Vox
1236 4944 1265 4999 iu
1287 4945 1400 4998 escelso
1420 4942 1487 5000 arrd.
1511 4955 1562 5001 est.
2007 5009 2016 5025 ·

289 5040 357 5096 323.
400 5037 552 5096 ltolrinson
584 5038 647 5100 Pal.
672 5041 709 5099 ll.
734 5045 904 5101 sss—348.
949 5044 1006 5114 Qui
1037 5043 1063 5102 h.
1085 5044 1102 5101 l.
1210 5047 1280 5111 374)
1309 5042 1424 5098 Boura:
1461 5061 1520 5098 aaa
1557 5043 1641 5100 iuxta
1680 5042 1815 5117 Tertiam]
1849 5041 1962 5101 Rameh

288 5132 333 5191 bis
362 5137 431 5192 citat
461 5137 668 5198 Burelmrdum.
720 5139 765 5198 Cf.
802 5150 901 5198 uotam
929 5141 1103 5218 pmeeedeu-
1147 5162 1238 5221 prope
1261 5139 1383 5198 Hebron
1405 5140 1460 5198 sita
1481 5160 1500 5197 a
1517 5140 1635 5199 Teku'a
1656 5142 1743 5219 longe
1766 5140 1858 5199 abest.
1903 5140 1964 5201 Sed

288 5241 359 5301 tem,
391 5248 419 5291 et
449 5235 601 5295 Robinson
632 5238 687 5296 Pal
720 5240 759 5297 Il.
784 5244 841 5301 323
869 5250 938 5297 ueta
965 5247 992 5301 1.
1023 5250 1051 5298 et
1077 5261 1103 5301 v.
1147 5241 1250 5299 dicitur
1272 5240 1298 5298 h.
1324 5239 1343 5297 l.
1365 5238 1511 5298 desertum
1535 5239 1688 5309 Thomas,
1716 5239 1793 5318 quod
1816 5239 1963 5319 progredi·

288 5330 416 5388 lietnner
436 5353 463 5409 p.
490 5342 544 5395 173
567 5350 638 5395 nota
655 5342 719 5398 aaa
742 5349 770 5395 ct
791 5360 869 5400 num.
898 5343 961 5398 187,
1147 5352 1193 5396 tur
1221 5360 1312 5418 risque
1341 5338 1379 5395 ad
1405 5339 1537 5398 Hebron.
1581 5339 1617 5400 V.
1646 5361 1673 5399 v.
1699 5339 1828 5399 llaumer
1855 5359 1882 5416 p.
1906 5344 1960 5400 137

352 5434 419 5501 3701
447 5434 485 5487 Et
500 5435 565 5501 „rtur
587 5437 687 5494 diebus
710 5437 774 5493 istis
796 5438 900 5494 milicie
920 5437 1028 5512 templi]
1052 5438 1104 5496 At·
1147 5459 1174 5496 u.
1199 5443 1289 5503 assa.
1312 5438 1406 5496 Rittcr
1426 5437 1487 5495 XV
1511 5441 1563 5509 (1².
1588 5444 1655 5498 630.

288 5527 392 5587 tendas
413 5527 450 5584 ad
473 5530 563 5588 verba
585 5535 685 5591 diebus
707 5536 784 5607 istis,
815 5555 889 5614 quae
912 5535 1048 5614 equidem
1064 5539 1105 5595 sie
1211 5542 1281 5607 375)
1306 5540 1356 5595 uia
1379 5558 1432 5614 que
1455 5547 1497 5595 est
1515 5538 1672 5594 inteream
1688 5538 1841 5613 etEbron]
1864 5536 1964 5597 Verba

286 5629 473 5704 interpretor:
496 5627 592 5699 Tunc,
614 5653 702 5710 quum
725 5636 754 5692 iu
777 5634 848 5693 urbe
865 5633 1016 5693 Machmas
1043 5656 1103 5693 mo·
1148 5638 1306 5694 inteream
1329 5646 1355 5693 et
1377 5657 1393 5695 e
1416 5638 1582 5694 coniectura
1604 5634 1744 5694 dedimus.
