4230 6096
1101 308 1155 370 138

292 498 341 550 est
369 488 402 550 in
429 484 595 568 alcorano,
626 486 711 573 quod
741 486 858 551 demon
885 485 957 550 ideo
985 486 1090 549 sactus
1116 495 1165 548 est
1187 484 1361 571 dyabolus,
1392 488 1468 570 quia
1493 486 1596 551 noluit
1623 485 1666 549 ad
1688 494 1875 572 preceptum
1896 485 1962 551 Dei

258 601 427 674 sadorure
448 600 567 665 Adam.
609 600 652 665 Et
675 614 723 666 est
743 604 777 666 in
797 602 929 666 arabico
951 601 1108 686 scriptum
1129 600 1185 664 tali
1216 600 1331 683 verbo,
1361 601 1446 686 quod
1476 611 1603 688 oportet
1625 601 1802 688 intelligere
1824 599 1960 667 deado

257 719 420 786 oracione
443 718 546 796 [latria
569 766 577 779 .
600 765 608 780 .
632 766 639 780 .
661 724 797 779 driaond
818 766 825 780 .
848 766 856 780 .
878 717 976 796 .]²⁰7).
1018 715 1083 779 Sed
1113 715 1273 802 quomodo
1302 729 1386 781 esset
1407 718 1498 783 Deus
1527 719 1574 782 ita
1595 717 1713 783 oblitus
1735 738 1868 781 suorum
1889 738 1961 803 pre·

291 846 467 920 ceptorum,
488 832 574 919 quod
595 834 717 897 tociens
740 834 891 918 repetiuit
912 831 1039 895 dicens:
1064 831 1264 914 „Dominum
1284 833 1390 897 Deum
1412 833 1565 898 adorabis
1589 844 1619 897 et
1640 832 1688 896 illi
1709 831 1767 897 soli
1789 830 1962 896 seruies?“

257 971 271 1018 a
415 950 486 1013 h'on
508 949 612 1011 minus
636 964 741 1012 antem
764 959 811 1011 est
830 946 1067 1012 irracionabilis
1090 947 1143 1011 lex
1164 948 1236 1033 ipsa
1258 950 1291 1011 in
1311 950 1464 1013 felicitate
1486 962 1518 1013 et
1537 948 1747 1031 beatitudine,
1770 970 1865 1034 quam
1886 970 1959 1034 pro·

256 1067 398 1134 anrittit.
442 1065 525 1127 Nam
548 1087 608 1149 pro
630 1063 740 1127 vltimo
762 1063 825 1127 fine
847 1065 1006 1149 promittit
1029 1074 1116 1127 ortos
1137 1064 1287 1147 irriguos,
1309 1076 1427 1146 vestes,
1449 1064 1661 1129 comestibilia
1681 1076 1712 1128 et
1726 1063 1876 1127 mulieres
1891 1062 1962 1149 pul·

255 1180 395 1249 achras.
432 1179 564 1263 Eritque
587 1178 711 1264 pupilla
733 1178 898 1243 octdorum
919 1180 1065 1264 ipsarum
1087 1178 1257 1242 mulierum
1280 1181 1374 1265 nigra
1399 1184 1481 1245 sieut
1498 1189 1721 1262 atramentum,
1743 1179 1832 1244 aliud
1847 1190 1956 1243 autem

241 1316 270 1365 10
292 1296 376 1360 oculi
397 1298 458 1359 erit
477 1296 559 1359 sicut
581 1318 677 1359 ouum
700 1296 881 1359 structionis.
924 1294 968 1357 Et
990 1305 1083 1357 erunt
1104 1293 1253 1358 mulieres
1277 1296 1472 1377 verecunde,
1503 1294 1562 1360 sub
1586 1296 1718 1359 cortinis
1741 1306 1960 1382 expectantes.

239 1427 267 1475 11
288 1411 331 1475 Ε1
352 1411 411 1474 hec
434 1413 540 1475 omnia
562 1433 626 1473 non
649 1421 816 1495 exponunt
834 1408 1102 1491 similitudinarie,
1127 1410 1185 1474 sed
1209 1412 1372 1496 accipiunt
1393 1412 1435 1475 ad
1455 1410 1606 1475 litteram.

241 1542 270 1591 12
412 1526 465 1589 De
494 1529 612 1590 virtute
645 1537 750 1589 autem
780 1539 811 1588 et
838 1526 1034 1611 perfectione
1062 1526 1241 1591 intellectus
1268 1527 1366 1591 nichil
1394 1528 1522 1593 omnino
1553 1527 1638 1592 dixit
1663 1527 1899 1610 Machometus,
1928 1538 1961 1592 et

289 1653 374 1706 certe
396 1644 428 1705 in
448 1642 508 1706 hoc
528 1642 609 1706 bene
631 1644 715 1723 feeit,
738 1643 814 1727 quia
836 1640 930 1705 homo
951 1652 1037 1705 totus
1059 1641 1202 1705 lubricus
1225 1652 1258 1706 et
1280 1642 1360 1706 illud
1384 1645 1532 1728 promisit
1557 1665 1616 1728 pro
1639 1641 1848 1726 beatitudine,
1872 1643 1960 1731 qued

240 1776 269 1827 13
288 1759 322 1821 in
352 1782 410 1822 sua
438 1758 661 1821 carnalissima
691 1768 796 1821 mente
825 1758 1012 1842 precipuum
1036 1770 1116 1821 erat.
1159 1758 1226 1822 Nec
1248 1760 1395 1844 permisit
1417 1780 1490 1822 eum
1512 1757 1653 1844 Spiritus
1676 1757 1814 1823 Sanctus
1843 1761 1877 1823 in
1897 1759 1960 1825 hoc

289 1875 417 1937 mentiri
437 1875 499 1936 nisi
520 1875 568 1937 ita
589 1888 750 1958 patenter,
780 1873 866 1958 quod
886 1896 996 1937 ornnes
1018 1873 1157 1938 faciliter
1180 1885 1311 1959 possent
1334 1874 1576 1960 deprehendere
1598 1897 1690 1938 suam
1711 1877 1959 1961 peruersitatem

288 1990 443 2054 doctrine.

240 2116 269 2165 11
412 2105 456 2168 Et
483 2106 557 2189 quia
584 2107 747 2190 sapientes
777 2128 887 2168 eorum
919 2104 1120 2192 incipiebant
1147 2105 1333 2170 notabiliter
1362 2128 1516 2170 execrare
1546 2107 1791 2191 peruersitatem
1818 2105 1899 2191 legis
1927 2117 1960 2172 et

288 2224 363 2307 quia
386 2223 537 2285 euacuari
560 2231 689 2306 poterat
709 2234 775 2283 tarn
797 2243 854 2306 per
874 2218 974 2284 libros
997 2221 1236 2306 prophetarum,
1258 2245 1353 2307 quarn
1377 2220 1560 2307 perlegam
1582 2220 1707 2307 Moysi,
1737 2244 1834 2309 quarn
1854 2224 1959 2287 eciam

287 2362 346 2424 per
368 2337 529 2401 veridicos
550 2335 651 2400 libros
673 2335 953 2422 philosophorum,
988 2335 1060 2400 ideo
1084 2335 1187 2401 Calife
1210 2336 1250 2399 de
1273 2336 1416 2401 Balduco
1448 2336 1696 2418 ordinauerunt,
1729 2338 1814 2421 ‹puod
1837 2337 1958 2404 nullum

288 2455 376 2519 aliud
399 2454 538 2518 studium
562 2463 649 2517 esset
670 2455 702 2516 in
724 2453 867 2517 Baldaco
889 2454 952 2516 nisi
975 2451 1014 2515 de
1037 2451 1205 2532 alcorano,
1235 2463 1266 2515 et
1296 2452 1369 2516 idco
1390 2454 1571 2516 inuenimus
1603 2475 1657 2516 cos
1679 2452 1776 2516 valde
1795 2443 1958 2519 modicum

240 2573 371 2639 rescire
391 2585 457 2634 tam
481 2569 521 2633 de
543 2571 679 2633 veritate
700 2569 869 2654 theologie,
893 2592 988 2655 (pram
1012 2567 1051 2631 de
1073 2566 1252 2631 subtilitate
1273 2567 1485 2654 philosophie.
1530 2567 1762 2633 Nichilominus
1783 2584 1891 2634 tamen
1907 2592 1956 2635 sa·

286 2688 411 2772 pientes
436 2709 543 2748 corum
565 2685 687 2748 nullam
709 2686 803 2748 tidem
827 2684 981 2748 adhibent
1003 2683 1098 2747 dietis
1121 2682 1278 2763 alcorani,
1309 2684 1366 2748 sed
1394 2686 1500 2770 ipsum
1523 2683 1670 2748 derident
1698 2687 1730 2748 in
1751 2697 1895 2767 secreto3
1923 2686 1958 2750 in

238 2820 270 2870 16
288 2803 418 2889 publico
440 2815 547 2865 tamen
569 2801 610 2864 ob
632 2803 779 2865 timorem
802 2801 967 2864 honorant.
1010 2798 1181 2863 Multitudo
1205 2822 1281 2862 vero
1303 2798 1439 2886 decepta
1462 2814 1493 2863 et
1515 2824 1535 2863 a
1549 2800 1621 2864 Deo
1641 2799 1764 2865 occulto
1779 2800 1957 2866 iustissimo

288 2921 375 2983 omni
397 2917 515 2982 iudicio
538 2917 752 2993 execata²⁴'⁵).
787 2916 830 2978 Et
852 2918 954 2980 ccianr
970 2917 1117 3001 magistri
1131 2937 1315 2978 communes
1330 2916 1501 2996 affirmant,
1521 2915 1605 3003 quod
1628 2915 1668 2980 de
1685 2917 1821 2981 veritate
1836 2917 1958 2983 theolo-

287 3035 340 3119 gie
362 3046 393 3097 et
414 3035 607 3097 necessitate
630 3031 744 3096 salutis
765 3031 863 3096 nichil
885 3032 1041 3095 remansit
1061 3034 1093 3094 in
1116 3030 1235 3095 mundo
1266 3033 1488 3118 incorruptum
1518 3043 1549 3096 et
1576 3036 1735 3116 integrum
1758 3030 1799 3095 de
1819 3033 1957 3120 prophe·

287 3151 327 3213 tis
352 3164 382 3212 ct
405 3148 583 3233 eruurgelio,
604 3150 667 3211 nisi
692 3157 846 3232 qumrturn
869 3149 1000 3233 ponitur
1023 3148 1055 3210 in
1078 3146 1240 3229 alcorano,
1264 3159 1295 3210 et
1318 3147 1437 3229 dic-unt,
1461 3148 1546 3234 quod
1561 3171 1619 3212 nos
1634 3146 1843 3213 l'alsifieamus
1860 3172 1957 3215 euan-

287 3263 423 3351 gelium,
458 3278 487 3326 et
511 3264 599 3328 ludei
623 3266 800 3351 prophetas
822 3274 853 3327 ct
875 3263 977 3348 legem
1001 3263 1108 3349 Moysi
1130 3287 1188 3349 pro
1212 3286 1265 3344 ee,
1298 3263 1383 3349 quod
1407 3286 1510 3349 neque
1532 3265 1565 3327 in
1586 3262 1673 3348 lege,
1703 3265 1860 3350 nequem
1883 3288 1957 3351 pro-

288 3381 410 3467 phetis,
437 3403 540 3467 neque
567 3380 735 3466 ‹stangeno
764 3381 971 3443 inueniuntur
994 3381 1115 3465 scripta
1123 3428 1132 3461 ,
1163 3402 1224 3463 que
1254 3383 1287 3442 iu
1309 3378 1460 3443 alcorano
1482 3379 1647 3461 dicuntur,
1682 3378 1740 3443 sed
1761 3383 1958 3446 eontrarium

238 3505 351 3578 ll'est,
381 3499 457 3583 quia
484 3520 597 3561 manus
628 3498 697 3560 cius
725 3510 839 3561 eontra
864 3519 974 3560 ornnes
996 3508 1027 3561 et
1049 3519 1163 3561 manus
1185 3496 1325 3559 emulum
1348 3506 1460 3560 eontra
1483 3519 1563 3560 eum.
1604 3495 1828 3560 Machometus
1850 3508 1959 3562 tamen

238 3620 269 3671 18
287 3614 320 3676 in
342 3613 492 3678 alcorano
515 3612 718 3676 commendat
738 3611 992 3676 Penthatcucurn
1015 3624 1047 3675 et
1069 3612 1245 3698 prophetas
1267 3624 1298 3675 ct
1317 3613 1458 3675 maxime
1481 3611 1676 3697 psalterium.
1720 3612 1826 3698 Super
1848 3613 1959 3678 omnia

288 3752 364 3793 vero
388 3727 592 3793 eonnnendat
609 3727 773 3793 Christum
796 3740 828 3791 et
849 3728 1053 3812 euangelium
1077 3742 1108 3792 et
1128 3728 1216 3805 dicit,
1239 3728 1324 3816 quod
1341 3728 1490 3793 Christus
1514 3726 1592 3789 dicit
1612 3728 1646 3790 in
1663 3726 1848 3813 euangeIIo:
1871 3728 1957 3809 „An-

238 3855 269 3904 19
288 3846 404 3908 nuncio
427 3845 529 3925 vebis,
552 3845 638 3932 quod
660 3845 785 3931 legatus
809 3845 873 3909 Dei
896 3846 1002 3909 veniet
1025 3858 1098 3931 ptest
1120 3868 1187 3920 nie,
1215 3855 1245 3908 ct
1272 3867 1386 3908 nornen
1409 3846 1478 3907 eius
1499 3842 1753 3908 Machometus.“
1796 3842 1861 3907 Sed
1882 3845 1959 3930 quia

287 3960 373 4025 istud
400 3983 463 4023 non
486 3975 534 4024 est
557 3964 711 4048 scriptum
734 3964 766 4026 in
790 3961 972 4047 euangclio,
1002 3986 1065 4026 non
1087 3964 1246 4048 recipiunt
1269 3959 1471 4045 euangelium
1492 3969 1523 4022 et
1543 3958 1669 4040 dieunt,
1706 3959 1791 4045 quod
1813 3964 1958 4047 corrupi·

237 4087 269 4137 111
287 4099 356 4140 mus
380 4076 592 4161 euangelium.
638 4076 702 4141 Sed
735 4079 895 4164 ‹ptornodo
923 4089 1094 4162 potuerunt
1116 4079 1207 4141 ludci
1231 4088 1262 4140 et
1282 4076 1476 4151 Christiani,
1504 4077 1586 4138 inter
1616 4098 1697 4162 quos
1719 4087 1768 4138 est
1789 4086 1855 4139 tam
1877 4079 1958 4141 aufi-

287 4215 383 4279 qnum
407 4191 527 4272 odium,
550 4195 722 4256 conuenire
744 4192 785 4255 ad
808 4192 1076 4278 corrumpendum
1098 4193 1359 4271 Penthateucunr,
1383 4190 1559 4277 prophetas
1583 4190 1632 4254 vcl
1655 4190 1873 4276 erlangelium,
1896 4214 1959 4278 que

287 4308 410 4393 scripta
432 4321 524 4370 erant
548 4320 579 4370 ct
602 4308 770 4391 diuulgata
794 4312 825 4371 in
846 4322 911 4372 toto
935 4309 1054 4371 mundo
1077 4323 1106 4372 cl
1130 4308 1277 4372 omnihus
1299 4307 1441 4392 linguis?
1463 4320 1492 4371 et
1510 4308 1670 4391 quomodo
1688 4307 1797 4371 Latini
1812 4322 1844 4372 ct
1860 4308 1959 4373 Greci

287 4434 460 4510 potuerunt
484 4425 656 4486 conuenire
680 4447 752 4487 cum
774 4424 923 4504 Caldcis,
946 4426 999 4509 qui
1023 4436 1096 4488 sunt
1119 4425 1278 4488 Nestorini
1302 4440 1332 4487 ct
1354 4424 1515 4505 laerrhini,
1545 4435 1575 4487 ct
1596 4425 1723 4487 tircrrmt
1747 4423 1788 4488 ab
1811 4425 1857 4488 eis
1880 4424 1958 4488 scis·

287 4539 397 4602 matici
421 4552 451 4601 et
474 4540 743 4603 excommunicati
767 4555 839 4602 ante
862 4552 988 4624 ternpus
1003 4539 1208 4619 MaclronrctI,
1231 4543 1384 4604 eteniam
1409 4540 1588 4603 adinuiecm
1615 4552 1690 4605 sunt
1710 4542 1756 4603 ita
1778 4538 1958 4604 contrarii?

236 4664 265 4714 21
286 4654 445 4742 quomodo
469 4655 694 4733 conuenirent,
718 4668 750 4717 vt
772 4667 930 4718 mutarent
953 4656 1179 4741 euangelium?
1211 4657 1372 4719 X'cstorini
1394 4656 1535 4719 totaliter
1563 4669 1636 4718 sunt
1659 4658 1812 4719 contrarii
1834 4656 1958 4721 lacebi-

286 4773 336 4835 nis
359 4784 432 4834 ante
454 4782 601 4856 tempora
621 4768 833 4851 Machorncti,
861 4783 891 4834 ct
914 4783 980 4835 tarn
1003 4772 1165 4836 Xestorini
1187 4796 1282 4857 qumn
1305 4770 1448 4835 Iacohini
1481 4784 1555 4835 srmt
1578 4773 1714 4858 prcscisi
1734 4794 1754 4834 a
1778 4772 1904 4836 Latinis
1927 4782 1960 4835 et

287 4886 402 4951 Grecis
424 4900 499 4950 ante
518 4900 664 4972 tempora
686 4886 899 4966 Maclromcti,
930 4905 959 4951 ct
991 4900 1098 4953 tmncn
1127 4912 1185 4952 nos
1213 4890 1391 4951 inucnimus
1421 4900 1497 4974 aput
1528 4911 1582 4952 cos
1613 4902 1645 4951 ct
1675 4890 1708 4950 in
1735 4887 1848 4951 caldco
1872 4890 1959 4952 etin

286 5003 437 5068 hebraico
460 5002 596 5066 erurdern
618 5002 866 5066 translacionem
887 5016 918 5065 et
942 5006 1110 5067 veritatem
1133 5006 1166 5068 in
1188 5002 1372 5088 euangelio,
1403 5028 1464 5089 que
1491 5019 1539 5068 est
1561 5004 1649 5090 apud
1671 5004 1796 5067 linceos
1818 5018 1849 5069 et
1870 5004 1958 5069 Lati-

236 5134 268 5184 22
287 5142 353 5183 nos.
397 5120 506 5198 (lirare
538 5119 640 5181 eciam
670 5119 774 5203 magis
803 5117 1029 5204 deposuissent
1055 5132 1148 5183 extra
1175 5120 1377 5203 euangelium
1409 5121 1586 5186 Christiani
1617 5144 1732 5184 nomen
1752 5118 1959 5207 MachometI,

286 5236 341 5317 qui
363 5246 486 5297 tanturn
509 5234 746 5299 commendauit
768 5234 932 5299 Christum
955 5252 986 5299 et
1008 5235 1220 5321 euangelium,
1250 5259 1320 5298 cum
1345 5235 1526 5300 dimiserint
1547 5235 1591 5299 ibi
1612 5239 1738 5321 int-egre
1759 5240 1883 5323 scripta
1903 5260 1958 5303 no·

349 5391 420 5453 207)
443 5386 580 5445 Absttrdu
608 5388 679 5446 haec
707 5388 852 5447 voeabula
881 5410 939 5447 non
961 5390 1101 5465 intelligo.
1146 5388 1212 5449 Vll.
1240 5395 1289 5460 111,
1313 5388 1380 5447 XV.
1406 5396 1443 5449 211
1468 5394 1545 5461 sal),
1568 5389 1668 5450 Xl'll.
1692 5394 1746 5463 63,
1767 5391 1887 5451 XVIII.
1911 5396 1959 5457 18,

289 5487 332 5543 lle
360 5506 389 5541 re
418 5500 514 5543 autem
539 5490 574 5543 cl'.
598 5485 745 5544 Coranum
770 5486 845 5545 Sura
867 5488 896 5545 ll
930 5510 954 5547 v.
978 5492 1015 5547 32
1038 5511 1100 5567 sqq.
1142 5486 1215 5545 XX.
1242 5494 1306 5553 115,
1329 5488 1512 5546 XXXVIII.
1536 5494 1568 5547 71
1600 5492 1668 5555 'ill

1205 5591 1274 5647 ‘lua
1299 5590 1429 5661 circula]
1452 5598 1617 5645 excaecata.
