4214 6096
1100 330 1140 396 ts

293 517 344 605 pis
373 513 566 581 antiocheni.
608 513 646 579 In
674 535 736 601 quo
763 513 832 579 uidi
864 511 1034 578 duodecim
1065 521 1170 575 turres
1198 510 1301 576 bonas
1329 520 1361 576 ct
1380 511 1495 578 locum
1515 514 1674 578 munitum
1694 512 1798 579 ualde.
1840 513 1963 581 Uinum

293 631 386 697 huius
409 630 484 696 uille
504 632 610 717 magis
631 630 831 694 nominatum
853 639 902 693 est
921 629 1005 692 inter
1025 627 1133 692 omnia
1152 628 1229 691 trina
1249 629 1395 713 parcium
1415 626 1553 691 illarum.

244 752 275 803 18
416 746 468 813 De
491 745 620 832 Nephin
649 743 796 810 adduas
819 743 929 809 leucas
958 752 1008 806 est
1027 743 1142 807 ciuitas
1166 745 1365 824 Tripolim),
1393 741 1511 808 nobilis
1531 741 1678 822 ualde⁹²)
1699 754 1731 809 et
1750 744 1818 809 fere
1838 755 1908 810 tota
1928 747 1963 811 in

292 861 390 928 corde
418 863 519 926 maris
548 864 628 942 sita,
659 861 742 923 sieut
763 859 881 945 Tyrus.
924 859 986 923 Est
1012 858 1170 944 populosa
1198 857 1344 923 multum.
1386 859 1547 923 Habitant
1574 860 1658 925 enim
1686 861 1720 924 in
1746 881 1785 925 ea
1807 859 1907 927 Greci
1931 870 1964 927 et

292 978 412 1060 Latini,
434 977 580 1059 Armeni,
600 974 804 1056 Maronite2),
828 975 1014 1040 Nestoriani
1034 982 1066 1039 et
1085 973 1184 1038 multe
1204 984 1317 1059 gentes
1339 973 1410 1039 alie.
1452 974 1504 1039 De
1527 976 1628 1040 serico
1649 976 1683 1039 in
1704 997 1743 1040 ea
1760 974 1862 1041 multa
1882 975 1966 1041 liunt

291 1116 400 1181 opera.
445 1091 565 1157 Audiui
601 1114 660 1178 pro
691 1101 778 1155 certo
789 1139 798 1172 ,
833 1090 918 1177 quod
951 1100 1058 1155 essent
1089 1090 1123 1154 in
1156 1111 1195 1153 ea
1222 1099 1365 1154 textores
1392 1092 1488 1154 seriei
1517 1099 1549 1154 et
1578 1089 1726 1156 cameloti
1754 1101 1787 1155 et
1808 1090 1961 1157 similium

292 1208 440 1297 amplius.

416 1324 520 1389 Terra
542 1322 588 1388 illi
611 1322 764 1387 adiacens
787 1320 852 1386 dici
876 1330 982 1408 potest
1003 1320 1127 1407 absque
1147 1319 1245 1386 dubio
1265 1320 1437 1405 paradisus
1459 1332 1593 1408 propter
1616 1324 1805 1388 amenitates
1820 1323 1964 1390 infinitas

292 1445 325 1506 in
349 1444 462 1523 uineis,
487 1438 622 1522 oliuetis,
643 1438 789 1519 ficetisb),
814 1436 1015 1519 [canellislffi
1037 1434 1155 1520 quibus
1177 1435 1325 1501 omnibus
1345 1437 1378 1499 in
1399 1437 1471 1501 aliis
1494 1437 1643 1524 partibus
1664 1461 1729 1505 non
1748 1438 1856 1505 recolo
1876 1440 1965 1505 simi·

291 1558 337 1622 lia
358 1580 409 1621 me
429 1556 559 1621 uidisse.

417 1672 561 1757 Campus
582 1681 656 1735 ante
677 1672 838 1734 ciuitatem
860 1670 1001 1733 continet
1015 1669 1048 1731 in
1062 1666 1265 1752 longitudine
1278 1667 1403 1732 leucam
1419 1691 1526 1752 unam,
1549 1671 1583 1734 in
1599 1669 1768 1735 latitudine
1784 1669 1963 1736 dimidiam.

271 1766 329 1854 ⁸ln
356 1810 418 1877 quo
451 1788 563 1873 spacio
594 1797 668 1850 sunt
688 1786 826 1868 iardini,
857 1787 891 1848 in
918 1783 1034 1869 quibus
1059 1784 1182 1848 fruetus
1210 1782 1332 1848 diuersi
1361 1794 1509 1848 crescunt
1538 1786 1627 1850 etin
1656 1796 1747 1851 tanta
1774 1786 1966 1874 quantitate,

291 1905 378 1993 qnod
401 1904 550 1969 dicuntur
572 1901 709 1987 singulis
729 1902 822 1966 annis
840 1899 950 1965 ualere
970 1901 1036 1964 suis
1058 1899 1197 1964 dominis
1218 1897 1303 1965 CCC
1325 1898 1415 1964 milia
1433 1899 1673 1986 bysanticorum
1696 1923 1875 1967 aureorum.

244 2030 274 2080 19
417 2024 550 2082 Libanus
580 2018 725 2082 distata
755 2018 886 2081 ciuitate
912 2017 976 2079 ista
1006 2015 1047 2079 ad
1074 2027 1139 2080 tres
1166 2014 1286 2079 leucas.
1327 2015 1381 2079 Ad
1409 2017 1499 2081 ouius
1530 2016 1645 2103 pedem
1666 2025 1742 2094 foas
1765 2023 1863 2081 oritur
1881 2032 1963 2082 orto·

293 2139 428 2216 rum⁸³)‚
449 2142 549 2216 fluens
571 2138 680 2214 impetu
703 2139 738 2195 de
760 2137 889 2208 Libano,
919 2133 1002 2196 sieut
1023 2131 1140 2196 dicitur
1162 2132 1195 2194 ln
1219 2131 1424 2209 Cauneisffl).
1466 2133 1554 2197 Fons
1574 2133 1635 2197 iste
1657 2132 1850 2210 humiliterd)
1871 2140 1963 2200 nasci

292 2254 437 2334 uidetur,
467 2250 524 2315 sed
553 2249 659 2314 subito
682 2248 886 2313 inualescens
913 2246 1045 2311 fluuium
1067 2248 1146 2312 facit
1172 2247 1392 2312 uehementem
1414 2257 1446 2311 et
1473 2270 1624 2333 magnum
1646 2248 1750 2315 ualde.
1789 2251 1855 2316 Iste
1874 2251 1964 2337 rigat

294 2390 405 2434 omnes
426 2379 515 2432 ortos
538 2376 570 2430 et
589 2365 762 2452 planiciem
783 2365 867 2428 inter
889 2362 1048 2450 Tripolim
1069 2376 1101 2428 et
1114 2363 1286 2446 Libanum,
1309 2375 1340 2427 et
1361 2362 1562 2429 commendat
1581 2364 1772 2430 mirabiliter
1786 2367 1962 2452 regionem.

293 2484 385 2572 Aque
407 2484 476 2547 eius
499 2483 619 2568 optime
642 2492 724 2563 sunt,
744 2479 862 2565 frigide
884 2489 916 2543 et
936 2479 1055 2562 dulces,
1077 2491 1108 2544 et
1129 2480 1224 2567 plura
1245 2479 1352 2555 loea0)
1377 2478 1532 2563 religiosa
1553 2491 1739 2546 constructa
1762 2491 1836 2547 sunt
1862 2505 1962 2570 super

294 2603 382 2665 riuos
404 2602 472 2663 eius
495 2611 526 2662 et
549 2597 683 2662 ecclesie
704 2595 811 2660 multe.
855 2595 954 2660 Uenit
972 2606 1095 2677 autem,
1129 2598 1212 2660 sicut
1238 2595 1359 2659 dictum
1385 2606 1452 2677 est,
1483 2594 1524 2659 de
1550 2594 1661 2660 radice
1683 2600 1816 2679 montis,
1845 2610 1879 2663 et
1899 2621 1962 2685 pro

293 2727 387 2802 parte
409 2716 526 2779 circuit
546 2724 686 2777 montem
709 2711 952 2798 leopardorum,
984 2722 1015 2775 et
1037 2724 1150 2797 postea
1171 2734 1229 2798 per
1252 2722 1339 2776 ortos
1360 2709 1544 2792 deducitur,
1574 2713 1686 2796 rigans
1707 2713 1843 2799 ipsosf).
1887 2713 1961 2780 Tri·

292 2830 351 2896 bus
383 2841 490 2894 autem
520 2827 708 2894 fluminibus
730 2827 811 2892 bene
832 2829 959 2913 magnis
984 2850 1073 2893 mare
1093 2827 1293 2914 ingreditur,
1320 2837 1429 2914 preter
1458 2828 1545 2891 riuos
1566 2826 1663 2908 alios,
1690 2830 1745 2912 qui
1766 2830 1799 2892 in
1820 2828 1960 2895 diuersis

290 2946 372 3011 locis
404 2944 553 3009 similiter
581 2948 613 3007 in
642 2965 732 3007 mare
760 2943 872 3007 fluunt.
916 2944 960 3008 Et
988 2968 1047 3031 pro
1078 2956 1165 3010 certo
1195 2943 1235 3007 de
1264 2945 1325 3009 isto
1347 2944 1434 3008 fonte
1457 2964 1568 3007 uerum
1589 2952 1652 3023 est,
1679 2943 1766 3028 quod
1788 2943 1907 3010 dicitur
1925 2947 1961 3010 in

292 3060 454 3126 Hesthcre
468 3065 518 3142 ⁸⁵),
542 3063 617 3146 quia
634 3062 704 3123 fons
721 3081 842 3144 paruus
860 3062 960 3122 creuit
972 3061 1006 3124 in
1021 3059 1153 3123 fluuium
1168 3082 1320 3145 magnum
1336 3070 1368 3124 et
1385 3061 1418 3123 in
1427 3065 1452 3134 Β)
1468 3081 1569 3144 aquas
1587 3057 1744 3143 plurimas
1759 3060 1963 3129 redundauit.

240 3184 271 3235 20
414 3177 467 3239 De
491 3174 617 3260 Tripoli
640 3173 785 3237 adduas
807 3173 915 3237 leucas
937 3185 987 3239 est
1005 3199 1086 3236 mona
1107 3181 1316 3254 leopardorum
1331 3177 1388 3255 St),
1417 3173 1574 3238 rotundus
1606 3176 1638 3239 in
1668 3188 1801 3262 aspectu
1826 3188 1858 3241 et
1879 3181 1959 3244 satis

290 3293 392 3374 altus,
423 3290 548 3355 distans
571 3289 611 3353 de
632 3288 758 3353 Libano
788 3289 830 3352 ad
853 3312 949 3353 unam
970 3288 1104 3354 leucam.
1146 3291 1183 3354 ln
1209 3290 1302 3354 huius
1333 3290 1415 3377 pede
1439 3289 1648 3375 aquilonalil)
1671 3292 1739 3356 uidi
1762 3291 1959 3378 speluncam,

291 3411 323 3472 in
347 3431 411 3495 qua
434 3416 504 3472 erat
526 3415 783 3482 monumentum,
812 3403 935 3468 habens
957 3405 1052 3483 xlv)
1079 3405 1178 3491 pedes
1201 3405 1431 3491 longitudinis,
1458 3405 1545 3493 quod
1567 3410 1739 3472 sarraceni
1762 3408 1876 3476 deuote
1898 3412 1961 3477 fre

290 3534 461 3611 queritant,
490 3523 633 3587 dicentes
664 3519 743 3584 illud
763 3542 834 3584 esse
855 3527 1022 3599 sepulcrum
1045 3528 1146 3597 losse,¹
1180 3522 1266 3609 quod
1292 3545 1356 3587 non
1383 3521 1480 3586 credo
1504 3544 1616 3586 uerum
1639 3545 1723 3605 esse,
1752 3526 1829 3609 quia
1849 3536 1960 3593 textus

291 3639 372 3703 dicit
386 3641 425 3714 ⁵³)
447 3662 519 3703 eum
544 3637 703 3725 sepultum
726 3638 760 3700 in
784 3634 1053 3719 Thamnatlrsare,
1076 3659 1137 3724 que
1158 3649 1205 3702 est
1225 3640 1316 3702 iuxta
1338 3638 1465 3703 Sichem
1488 3641 1520 3701 in
1543 3637 1644 3702 latere
1664 3642 1783 3704 montis
1802 3639 1960 3727 Effraym.

289 3754 361 3841 Ego
383 3757 494 3841 pocius
518 3753 614 3819 credo
637 3753 716 3818 illud
739 3776 809 3818 csse
833 3752 1015 3840 sepulcrum
1040 3752 1205 3830 Chanaan‚
1228 3755 1286 3820 filii
1308 3754 1431 3836 Cham,
1453 3753 1511 3818 filii
1533 3755 1610 3838 Noe,
1634 3755 1683 3821 uel
1705 3755 1840 3822 alicuius
1863 3758 1960 3840 filiis)

288 3871 425 3936 tiliorum
447 3873 525 3952 eius,
547 3872 603 3957 qui
625 3870 668 3934 ad
687 3867 814 3934 literam
836 3872 924 3934 eirca
946 3869 1018 3935 loca
1041 3870 1097 3934 illa
1118 3871 1283 3935 habitasse
1303 3871 1497 3956 probantur,
1518 3883 1553 3935 ut
1574 3874 1658 3936 infra
1679 3872 1811 3937 dicotur.

236 4002 265 4052 21
411 3986 462 4049 De
491 3986 646 4072 spelunca
676 3988 739 4048 ista
762 3986 804 4050 ad
834 3998 900 4051 tres
922 3985 1032 4051 leucas
1054 3998 1166 4052 contra
1189 3985 1371 4074 aquilonem
1393 3988 1460 4051 t'cre
1483 3999 1532 4051 est
1551 3988 1624 4052 finis
1646 3986 1828 4053 Antilibani
1849 4007 1880 4056 et
1900 3996 1957 4060 Li-

287 4099 398 4175 bani¹)
422 4099 577 4164 similiter.
609 4100 652 4164 Et
674 4099 729 4163 ubi
752 4113 883 4186 uterque
904 4105 1105 4183 terminatur,
1127 4102 1306 4166 ostenditur
1326 4102 1422 4167 hodie
1444 4114 1584 4167 castrum
1605 4110 1786 4182 Arcelacam)
1800 4108 1850 4189 3⁸),
1871 4110 1958 4196 quod

352 4312 379 4368 a)
397 4300 547 4352 rrmrraaite
564 4297 605 4354 St.
622 4328 656 4337 -
677 4297 706 4368 b)
716 4299 822 4365 staretis
840 4298 889 4363 St,
907 4301 1003 4353 vicetia
1020 4299 1047 4355 h.
1065 4332 1097 4339 —
1118 4304 1144 4371 c)
1164 4299 1278 4353 (anellis
1297 4298 1336 4353 St.
1361 4299 1491 4354 Fortasse
1510 4300 1655 4370 legendum
1673 4310 1732 4356 est:
1752 4303 1912 4362 calcatellis.
1924 4338 1959 4349 —

419 4383 448 4448 d)
466 4383 644 4441 mirabiliter.
662 4383 710 4435 sed
728 4383 757 4435 in
776 4399 861 4452 marg.
879 4384 1017 4437 bestialiter
1034 4382 1074 4439 St.
1087 4414 1119 4423 —
1138 4396 1164 4446 e)
1184 4384 1247 4437 loca
1264 4401 1317 4439 orn.
1337 4381 1384 4448 St,
1403 4383 1486 4437 habet
1497 4382 1523 4436 h.
1538 4413 1570 4422 -
1587 4383 1615 4454 f)
1634 4386 1711 4455 ipsas
1725 4384 1775 4454 St,
1793 4388 1870 4458 apros
1882 4389 1908 4444 11,
1922 4422 1955 4431 -

418 4468 448 4537 g]
465 4467 494 4519 ia
512 4482 563 4522 orn.
582 4465 622 4522 St.
659 4466 739 4530 Quod
764 4465 941 4521 restituimus.
966 4499 993 4505 -
1020 4466 1049 4535 ht
1067 4468 1102 4520 In
1125 4468 1204 4520 lsai-us
1225 4468 1307 4536 pedm
1328 4467 1456 4535 (tassiloni
1473 4466 1512 4520 St.
1538 4498 1568 4506 -
1597 4468 1616 4537 i)
1635 4469 1746 4523 Numeri
1764 4471 1823 4525 Xll
1845 4474 1954 4544 signum

418 4568 470 4604 om.
490 4553 538 4616 st,
555 4549 638 4603 habet
656 4548 681 4601 h.
700 4579 726 4587 -
751 4548 781 4621 k)
793 4550 886 4615 silium
904 4548 1023 4604 filiorum
1040 4550 1079 4605 St.
1091 4552 1153 4618 filii
1171 4549 1207 4603 fil.
1226 4550 1252 4604 h.
1272 4581 1304 4588 -
1327 4550 1346 4614 l)
1367 4551 1497 4617 elaphum
1518 4549 1557 4604 St.
1576 4559 1600 4605 et
1618 4553 1728 4621 [plani
1745 4553 1770 4607 lt.
1788 4585 1820 4595 —-
1843 4560 1882 4625 m)
1902 4560 1956 4612 Ar.

419 4636 484 4688 clrua
502 4634 540 4688 St.

344 4827 393 4895 81)
422 4823 561 4898 Tripolis]
592 4821 723 4900 Tripolis
751 4841 769 4879 a
800 4821 911 4879 Batrtin
933 4820 1017 4880 abest
1040 4820 1096 4900 ill,
1204 4826 1254 4896 84)
1278 4825 1308 4879 ia
1332 4822 1472 4898 Comicia]
1495 4822 1547 4883 1V.
1574 4829 1617 4883 15.

283 4918 377 4981 horas.
421 4921 456 4981 V.
479 4922 572 4981 Ritter
591 4919 685 4978 XVII
706 4922 757 4993 (1).
782 4924 849 4979 588.
1205 4927 1256 4994 85)
1279 4923 1309 4978 ia
1330 4922 1484 4996 Hestbcrc]
1508 4922 1562 4980 IX.
1585 4927 1611 4983 3.
1632 4923 1689 4985 XI.
1717 4933 1750 4986 10
1772 4929 1802 4986 in
1818 4927 1956 5007 Vulgata.

346 5022 396 5092 82>
419 5021 523 5078 nobilis
546 5022 642 5095 ualde]
677 5019 723 5077 De
751 5027 812 5078 toto
842 5018 984 5076 hocloco
1008 5038 1099 5097 usquc
1204 5024 1254 5089 bb)
1276 5040 1357 5077 orons
1382 5023 1599 5097 leopardorum]
1622 5023 1954 5091 NuucdiciturDache·

282 5116 320 5175 ad
343 5120 362 5193 ξ
387 5123 420 5178 21
446 5120 538 5178 fustus
561 5120 680 5199 exponit
701 5118 794 5177 Ritter
815 5117 908 5175 XVII
930 5119 982 5191 (l).
1004 5123 1072 5176 609.
1142 5117 1189 5176 bel
1206 5117 1331 5177 Turbul.
1362 5118 1428 5180 Vid.
1453 5119 1604 5179 Robinson
1619 5123 1657 5183 N.
1673 5124 1707 5184 F.
1722 5144 1750 5203 p.
1769 5129 1835 5185 760.
1860 5127 1956 5188 Ritter
2060 5159 2062 5163 ·

345 5220 393 5291 83>
410 5221 485 5289 jons
508 5219 647 5293 ortorum]
671 5217 767 5298 Prope
790 5217 934 5297 Tripolim
958 5214 1098 5274 estNahr
1140 5214 1234 5274 XVII
1257 5219 1306 5289 (1).
1331 5223 1398 5278 610.

281 5316 351 5377 Abu
373 5317 431 5386 Ali,
453 5317 536 5375 Nahr
547 5317 719 5377 Kadischah
733 5321 741 5367 t
745 5320 761 5378 i.
777 5338 801 5380 e,
819 5319 926 5375 flumen
942 5317 1096 5386 salictum).
1203 5320 1253 5388 87)
1277 5325 1372 5374 textus
1390 5319 1469 5393 dicit]
1493 5319 1556 5378 lud.
1578 5318 1616 5377 ll.
1639 5327 1666 5379 9.

282 5413 341 5474 Sed
371 5416 394 5472 is
424 5435 482 5472 non
511 5428 555 5473 est
577 5415 644 5474 fons
665 5415 827 5488 hortorum,
854 5417 901 5494 qui
924 5425 1098 5473 memoratur
1203 5418 1253 5487 88)
1274 5417 1419 5491 Areatas}
1443 5420 1564 5496 antiqua
1585 5417 1675 5488 Erek,
1698 5419 1776 5478 Arca
1798 5419 1957 5498 Caesarea,

280 5515 310 5571 in
323 5514 467 5585 Canticis;
490 5526 565 5572 errat
580 5514 772 5575 Burcbardus.
802 5515 868 5576 Vid.
890 5513 1096 5574 Wilbrandum
1139 5533 1240 5572 recens
1263 5513 1362 5573 ’Aska
1401 5516 1597 5575 llicltitterus
1618 5515 1710 5575 XVII
1733 5522 1774 5590 (l)
1805 5526 1863 5580 610
1887 5541 1954 5581 auc·

278 5614 302 5684 l,
327 5618 351 5673 8.
380 5617 423 5672 ll.
1138 5623 1230 5671 torem
1252 5614 1322 5671 citat
1343 5615 1549 5675 Burchardum.
