4214 6096
994 380 1049 441 129

187 559 365 645 supposita.
421 558 543 622 Errant
574 561 676 623 eciam
707 568 863 643 negantes
895 561 1116 645 purgatorium
1153 569 1184 622 01
1214 557 1356 621 dicentes
1387 560 1505 638 eciem,
1538 557 1624 642 quod
1656 579 1716 645 pec
1748 558 1903 634 0111111036

188 674 438 762 dampnatorum
466 674 665 739 descendunt
695 673 738 737 ad
763 675 941 755 infernum,
971 697 1031 737 nec
1061 676 1168 737 anime
1190 672 1358 738 beatorum
1387 675 1586 758 recipiuntur
1607 674 1640 737 in
1662 672 1853 759 paradisum

187 800 261 855 ante
282 788 368 853 diem
391 789 512 854 iudicii.
554 789 726 875 Baptisant
749 799 855 853 autern
875 792 909 853 in
930 790 1034 854 forma
1057 788 1246 869 Grecorum,
1271 789 1407 854 scilicet:
1435 790 1644 875 „Baptisetur
1677 798 1784 853 autem
1805 782 1852 852 ta·
1871 810 1902 858 ar

185 904 225 970 lis
243 907 278 969 in
298 906 428 970 nomine
447 905 556 969 Patria
578 916 637 969 etc.
680 904 870 969 Efficaciam
898 917 929 968 et
955 906 1186 991 perfectionem
1218 905 1372 991 baptismi
1393 916 1515 991 ponunt
1541 914 1573 969 et
1593 906 1728 969 credunt
1750 908 1852 969 consi·
1871 918 1903 969 38

185 1029 270 1086 01010
288 1022 324 1084 in
343 1020 484 1106 quadam
505 1023 672 1102 vnctione,
705 1042 802 1105 quam
823 1020 947 1084 faciunt
968 1020 1008 1083 de
1031 1020 1170 1106 quodam
1192 1021 1279 1103 oleo,
1315 1021 1355 1086 de
1377 1045 1439 1105 quo
1462 1021 1588 1103 dicunt,
1618 1020 1702 1107 qaod
1726 1031 1853 1106 opertet

185 1135 384 1222 baptisatam
407 1136 547 1201 totaliter
567 1139 696 1222 inungi3
721 1136 837 1223 quodsi
859 1138 993 1200 minima
1015 1159 1092 1221 pars
1114 1139 1261 1221 corporis
1282 1149 1461 1202 remaneret
1478 1139 1619 1217 inuncta,
1642 1136 1753 1200 dicunt
1767 1135 1853 1222 quod

185 1250 344 1338 dyabolus
367 1254 504 1315 intraret
526 1252 655 1317 ibidem.
699 1252 908 1337 Baptisantcs
930 1262 1038 1315 atttern
1058 1275 1123 1315 non
1145 1254 1307 1317 instruunt
1331 1253 1371 1317 (10
1393 1253 1466 1334 fide,
1489 1276 1550 1317 nec
1571 1252 1667 1317 fidem
1690 1255 1832 1337 exigunt.
1872 1248 1904 1335 39

308 1369 361 1433 De
388 1368 578 1431 fermentato
611 1368 783 1432 conficiunt
812 1372 1020 1431 commixtam
1049 1390 1183 1454 pascam
1217 1391 1290 1432 eum
1321 1369 1398 1434 oleo.
1441 1370 1627 1432 lnnniscent
1650 1378 1756 1432 autem
1780 1391 1854 1433 curn
1872 1331 1904 1446 ii

185 1506 287 1571 pasca
316 1483 536 1549 consecranda
565 1482 663 1547 aliam
692 1482 855 1570 quandam
880 1505 1029 1568 pascam,
1059 1505 1154 1568 quam
1177 1498 1385 1566 conseruent,
1417 1508 1544 1571 semper
1573 1494 1792 1548 restaurantes
1815 1483 1854 1547 de

185 1622 286 1687 pasca
302 1601 356 1677 ¹³²)
382 1621 468 1663 noua
500 1614 654 1685 quantum
683 1598 723 1662 de
752 1621 790 1662 ea
813 1601 991 1684 accipiunt,
1023 1610 1052 1662 et
1081 1600 1208 1681 dicunt,
1241 1601 1326 1685 quod
1360 1611 1408 1664 cst
1439 1600 1576 1687 quedam
1599 1622 1676 1685 pers
1708 1601 1854 1685 corporis

186 1715 318 1796 Christi,
339 1738 437 1802 quam
468 1725 661 1800 acceperant
690 1736 709 1777 a
740 1724 851 1780 sancto
873 1714 1015 1779 Iohanne
1044 1716 1260 1800 euangelista,
1292 1718 1345 1801 qui
1375 1720 1500 1802 accepit
1528 1718 1560 1779 in
1583 1738 1662 1779 cena
1691 1714 1854 1801 duplicem

184 1844 327 1919 partem:
349 1854 445 1895 vnam
468 1831 607 1895 eomedit
626 1840 657 1893 et
679 1829 815 1893 alteram
837 1842 962 1915 partem
985 1831 1031 1893 cis
1056 1830 1156 1894 dedit.

307 1948 448 2012 Peccata
468 1969 532 2020 uon
555 1947 747 2011 confitentur
769 1947 832 2009 nisi
855 1946 944 2025 Deo,
966 1948 1079 2009 necin
1103 1949 1170 2009 vita
1191 1968 1251 2011 nec
1273 1949 1307 2011 in
1329 1960 1440 2011 morte.
1482 1949 1551 2034 lpsi
1573 1949 1675 2010 ceiam
1698 1947 1730 2008 in
1754 1947 1854 2032 parti·
1873 1909 1905 2026 i}

186 2062 247 2127 bus
270 2061 481 2128 orientalibus
504 2064 626 2125 faciunt
649 2063 936 2141 circumcisionem,
959 2072 990 2125 01
1012 2062 1111 2147 (quod
1131 2066 1365 2128 monstruosius
1388 2069 1446 2138 001)
1468 2039 1650 2127 inuenintus
1666 2067 1698 2124 in
1714 2061 1853 2146 quadam

186 2180 331 2260 ciuitate,
363 2163 424 2264 qim
445 2175 720 2259 vocatur'Harte,
749 2178 834 2262 quod
864 2179 928 2263 ipsi
958 2178 1233 2242 circumcidebant
1254 2201 1317 2243 non
1340 2178 1442 2242 solum
1470 2178 1643 2264 parumlos,
1675 2178 1855 2242 sedeciam

186 2294 347 2377 mulieres,
369 2304 399 2359 01
420 2293 495 2357 11001
515 2316 580 2357 non
605 2295 804 2379 potuerimus
826 2293 908 2357 bene
930 2292 1127 2379 intelligere,
1156 2295 1234 2381 quid
1254 2294 1450 2375 incidebant,
1473 2316 1533 2379 per
1555 2295 1723 2357 veritatem
1747 2304 1854 2357 tamen

186 2412 410 2497 comperimus,
432 2408 518 2494 quod
540 2410 663 2495 puellas
686 2410 969 2473 circumcidebant.

308 2542 550 2607 Eucharistiam
571 2541 660 2606 illam
682 2542 733 2605 vel
756 2543 869 2628 pocius
894 2564 1023 2627 panem,
1045 2565 1140 2628 quem
1164 2543 1274 2606 dicunt
1296 2564 1366 2606 esse
1389 2564 1506 2626 corpus
1521 2540 1653 2621 Christi,
1676 2541 1753 2605 (111111
1776 2544 1856 2607 viris
1875 2547 1907 2596 44

186 2668 218 2721 01
236 2656 425 2722 mulieribus
447 2669 478 2721 et
500 2660 608 2743 pueris
634 2657 777 2744 paruulis
804 2659 838 2721 in
861 2681 990 2721 mmmm
1006 2659 1068 2732 ¹⁷³).
1115 2659 1204 2722 Dant
1222 2660 1325 2722 eciam
1349 2659 1537 2741 sanguinem
1563 2658 1774 2722 0100111111111.
1818 2658 1857 2721 111
1875 2627 1907 2743 il}

186 2784 288 2838 morte
311 2772 432 2838 nullum
460 2776 696 2838 communicant
729 2773 780 2836 vel
808 2775 976 2858 inungunt.
1018 2773 1082 2838 Res
1114 2785 1319 2838 consecratas
1351 2773 1611 2847 discens-cerunt,
1643 2784 1722 2857 puta
1740 2795 1856 2858 panem
1874 2779 1906 2828 ⁴7

186 2886 390 2954 benedictum
411 2889 463 2953 vel
485 2912 611 2974 aquam,
634 2888 763 2975 quando
785 2888 895 2953 volunt
918 2911 956 2952 ca
977 2892 1131 2974 proicere.
1175 2891 1447 2955 Disconseeratnr
1466 2888 1567 2951 altare
1583 2910 1692 2951 corum
1712 2903 1742 2951 et
1762 2910 1854 2974 opor·
1874 2894 1906 2943 48

188 3012 234 3068 101
259 3005 461 3069 reconciliari
488 3028 547 3090 per
573 3008 775 3092 episcopum,
805 3008 829 3068 si
861 3004 1013 3069 sacerdos
1042 3006 1083 3068 ad
1112 3008 1217 3092 ipsum
1240 3009 1376 3070 intraret
1397 3015 1569 3090 postquam
1599 3005 1856 3068 communicauit.

191 3119 272 3184 Item
295 3122 323 3184 si
344 3122 480 3185 intraret
501 3120 671 3204 adipsum
694 3120 827 3207 aliquis,
850 3123 904 3206 qui
926 3144 991 3184 non
1015 3133 1099 3185 esset
1119 3122 1327 3201 Nestorinus3
1357 3123 1383 3184 si
1404 3122 1541 3183 intraret
1562 3121 1664 3183 eciam
1686 3119 1728 3183 ad
1750 3121 1857 3204 ipsum
1874 3132 1907 3182 49

187 3236 445 3321 quicumque¹⁷⁴)
476 3237 544 3299 sine
565 3235 743 3299 sorrabulis
757 3238 810 3314 ¹7⁵)
834 3235 884 3300 vel
908 3238 1013 3322 capite
1037 3248 1206 3323 cooperte,
1238 3241 1314 3302 item
1347 3240 1374 3301 si
1395 3237 1522 3321 lampas
1544 3236 1703 3320 trangitur
1730 3234 1782 3298 vel
1805 3256 1855 3297 ca-

190 3350 248 3431 dit,
271 3361 303 3414 et
324 3352 352 3415 si
372 3353 508 3415 intraret
531 3361 620 3415 catus
643 3352 694 3415 vel
717 3374 915 3438 quocumque
937 3351 1076 3416 bestiola
1098 3364 1233 3439 excepto
1256 3378 1364 3436 mure,
1397 3352 1454 3418 soli
1477 3353 1561 3416 enim
1583 3353 1664 3414 muri
1690 3372 1856 3415 concesse·

186 3476 262 3531 runt
282 3466 505 3553 priuilegium,
539 3468 625 3552 quod
647 3469 748 3554 possit
770 3470 891 3530 intrare
915 3467 956 3530 ad
978 3467 1081 3532 altare
1092 3518 1100 3549 ,
1129 3481 1161 3533 et
1182 3494 1247 3534 non
1269 3470 1538 3534 diseonsecratur.
1584 3466 1856 3531 Disconsecratur
1875 3470 1907 3519 5⁰

188 3584 306 3665 eciam,
339 3585 366 3647 si
395 3606 459 3646 vna
487 3596 578 3668 gutta
606 3607 688 3671 aque
715 3582 766 3647 vel
797 3583 836 3647 de
865 3582 975 3668 pluuia
1006 3583 1137 3648 caderet
1157 3585 1220 3666 ibi,
1250 3597 1281 3649 et
1302 3586 1404 3649 multa
1424 3584 1506 3665 alia,
1536 3607 1597 3668 quc
1618 3582 1749 3667 longam
1773 3592 1856 3646 esset

188 3720 351 3763 enarrare.

311 3831 379 3917 lpsi
400 3833 503 3894 eciam
524 3830 717 3896 contrahunt
738 3832 770 3893 in
792 3829 949 3913 gradibus
972 3831 1143 3917 prohibitis
1167 3843 1197 3895 et
1220 3832 1348 3897 soluunt
1369 3834 1594 3913 matrimonia,
1626 3842 1656 3894 ct
1678 3830 1855 3916 repudians
1875 3847 1904 3896 51

191 3969 327 4011 vxorem
357 3945 397 4009 dc
425 3946 561 4011 licencia
582 3946 715 4011 ecclesie
738 3948 857 4030 accipit
879 3946 983 4010 aliam.
1028 3946 1188 4012 Sacerdos
1211 3959 1338 4013 mortua
1360 3949 1466 4034 prima
1487 3970 1588 4012 vxore
1611 3948 1730 4031 accipit
1751 3946 1908 4012 1111011151

312 4078 443 4142 Habent
466 4081 568 4143 eciam
591 4091 657 4144 tres
680 4079 811 4141 missas:
832 4100 930 4141 vitam
952 4079 1104 4143 videlicet
1124 4080 1277 4161 Nestorii,
1300 4079 1396 4144 aliam
1419 4079 1602 4153 Theodori,
1623 4080 1773 4164 magistri
1795 4078 1857 4142 Ne·
1877 4096 1908 4145 53

190 4196 291 4261 010111.
334 4194 440 4259 Aliam
464 4194 574 4259 dicunt
597 4217 667 4259 csse
690 4191 924 4280 apostolorum,
953 4195 986 4257 in
1016 4219 1079 4282 qua
1108 4194 1206 4258 nichil
1236 4208 1267 4260 ct
1300 4198 1428 4261 omnino
1451 4195 1490 4258 de
1513 4197 1618 4259 torma
1641 4196 1784 4281 corporis
1806 4192 1907 4263 10151

190 4312 366 4398 sanguinis.
408 4311 446 4374 ln
467 4311 539 4375 aliis
562 4313 669 4375 missis
691 4309 765 4373 11001
788 4307 909 4395 aliquid
933 4310 974 4373 sit
999 4309 1038 4374 (10
1059 4313 1173 4391 forma,
1196 4335 1260 4375 non
1283 4322 1454 4375 esttamen
1473 4312 1612 4375 intencio
1629 4333 1748 4391 corum,
1773 4308 1858 4396 quod
1876 4327 1907 4375 55

188 4437 265 4492 ttmc
286 4441 488 4508 consecrent,
517 4427 574 4491 sed
596 4436 709 4514 postea
730 4425 772 4488 ad
794 4424 889 4487 finem
911 4427 1023 4505 misse,
1052 4426 1094 4489 ad
1117 4428 1281 4513 quanda-m
1309 4430 1552 4491 inuocaeionern
1575 4427 1716 4511 Spiritus
1739 4424 1857 4488 Sancti.

188 4542 233 4607 Et
254 4543 335 4607 alios
356 4553 402 4608 tot
423 4565 548 4605 errores
569 4543 697 4623 habent,
720 4540 805 4628 quod
826 4538 959 4625 lengum
980 4551 1065 4604 esset
1085 4545 1245 4627 prosequi.
1288 4543 1331 4606 Et
1353 4552 1389 4608 11
1410 4542 1513 4606 multa
1535 4541 1679 4604 breuiter
1698 4539 1857 4624 colligam,
1877 4524 1909 4639 ἓξ

189 4680 343 4746 expresse
364 4658 588 4723 contradicunt
609 4658 655 4722 1111
676 4658 786 4732 verbo,
808 4656 893 4742 qued
915 4656 997 4720 dixit
1020 4679 1161 4721 autumus
1181 4661 1419 4744 aregisterfltt:
1448 4664 1547 4731 „Arta
1570 4670 1611 4718 eet
1636 4660 1700 4729 via,
1729 4678 1783 4735 que
1805 4661 1857 4715 da-

189 4779 229 4838 eit
250 4781 296 4837 od
311 4779 404 4836 vitata
425 4778 504 4838 cte.“

314 4906 445 4995 Dicunt,
468 4906 553 4992 quod
577 4906 715 4969 sufficiat
733 4905 927 4985 Christiano,
952 4907 978 4967 01
1000 4906 1100 4968 l'aeiat
1122 4905 1184 4969 sibi
1208 4908 1336 4992 signum
1359 4910 1463 4971 erucis
1486 4929 1583 4992 super
1604 4907 1720 4968 taciem
1742 4916 1773 4967 et
1791 4917 1858 4968 oret
1879 4913 1910 4960 58

190 5022 233 5086 ad
253 5024 407 5087 orientem
430 5034 462 5086 ct
483 5021 629 5086 comedat
655 5044 768 5084 earnes
793 5022 952 5104 porcinas.
988 5019 1063 5083 Alia
1087 5043 1173 5102 vcro,
1197 5045 1258 5106 que
1281 5023 1412 5102 addunt,
1436 5035 1510 5087 sunt
1532 5021 1910 5106 quedan1pert'ectio-5e

191 5158 258 5203 1100.
302 5137 385 5203 Sunt
407 5139 492 5201 enim
512 5159 629 5221 aragne
652 5135 867 5216 abstinencie,
897 5135 1032 5200 multum
1056 5147 1149 5200 orant
1169 5148 1201 5201 et
1222 5137 1356 5202 multum
1378 5141 1531 5203 ieiunant.
1574 5137 1729 5221 Religiosi
1751 5159 1860 5200 corum
1879 5110 1911 5219 gi

256 5344 327 5413 172)
344 5359 442 5415 pauca
465 5335 500 5398 G.
1115 5343 1182 5411 175)
1203 5340 1365 5398 Seconbule
1393 5340 1516 5399 fortasse
1537 5350 1605 5399 sunt
1625 5341 1718 5412 socci,
1750 5341 1861 5399 calceo·

1048 5458 1111 5495 rum
1139 5457 1240 5514 genus.
1284 5440 1471 5515 Ducangium
1500 5440 1606 5498 frustra
1635 5440 1778 5511 consului,
1813 5440 1861 5518 qui

1048 5557 1103 5596 nec
1126 5538 1278 5596 sorrabula
1297 5538 1404 5597 lrabeat
1425 5558 1480 5597 1100
1503 5538 1669 5598 soccabnla.

260 5644 329 5709 174)
352 5638 531 5714 quicumque]
554 5638 666 5717 aliquis.
1114 5641 1180 5696 17111
1203 5636 1304 5696 llatth.
1327 5637 1398 5697 VII.
1426 5642 1470 5697 14.

258 5492 326 5561 173)
346 5508 435 5547 mauu
456 5487 494 5548 G.

1626 5755 1653 5802 17
