4214 6096
1048 676 1267 736 ...16-

312 883 342 935 a.
377 880 505 957 puscet.
554 863 645 947 Sepe
674 863 761 928 enim
791 862 848 927 isti
878 863 1000 946 gradus
1030 883 1089 948 per
1118 863 1278 947 scopulos
1309 874 1342 929 et
1378 864 1410 929 in
1441 862 1544 929 altum
1573 884 1671 948 supra
1701 864 1833 929 modum
1862 862 1939 929 binc

378 997 455 1063 hdo
477 993 640 1058 distantes
663 989 705 1053 ad
729 986 979 1055 similitudinem
996 989 1131 1054 turrium
1151 988 1384 1054 altissimarum
1404 1010 1470 1055 non
1489 992 1563 1055 siue
1585 989 1698 1054 labore
1721 991 1827 1055 exelsi
1850 1003 1938 1056 sunt.

319 1143 344 1202 ι,
510 1122 668 1192 xxll.
713 1124 862 1189 Ascendi
890 1137 1002 1190 autem
1030 1145 1090 1209 per
1113 1126 1236 1210 gradus
1265 1126 1350 1192 istos
1380 1127 1421 1189 ad
1446 1127 1665 1191 summitatem
1688 1127 1808 1192 montis
1832 1126 1937 1192 Sinai.

313 1268 344 1328 a.
378 1256 460 1323 Cum
483 1264 592 1316 autem
615 1250 846 1316 ascendissem
876 1252 917 1314 arl
948 1250 1081 1314 terciam
1111 1262 1236 1334 partem
1258 1252 1397 1330 montis,
1429 1252 1540 1316 inueni
1571 1249 1767 1336 capellulam
1789 1254 1939 1316 minutis·

376 1383 508 1456 simam,
546 1375 601 1441 ubi
638 1375 734 1441 beata
764 1376 859 1459 uirgo
889 1375 992 1439 blaria
1022 1375 1198 1441 nisibiliter
1226 1377 1378 1460 apparuit
1414 1376 1646 1442 claustralibus
1681 1378 1764 1442 insra
1794 1392 1938 1445 muntem

311 1513 343 1574 3.
375 1505 512 1591 positis3
542 1502 609 1566 boe
629 1502 730 1566 modo
744 1498 796 1565 ⁵²⁴:
825 1501 899 1566 lam
930 1522 1013 1586 sepe
1039 1502 1119 1566 dicti
1143 1501 1294 1566 monachi
1323 1503 1462 1567 mirabili
1492 1502 1592 1588 plaga
1619 1505 1839 1588 permissione
1860 1503 1936 1585 Dei,

312 1645 342 1703 a,
374 1644 412 1695 ιιι
436 1632 510 1694 eius
534 1649 575 1692 eo
599 1627 743 1712 amplius
766 1626 877 1710 palam
901 1627 992 1693 fieret
1015 1626 1148 1692 bonitas
1173 1638 1207 1692 at
1228 1625 1438 1713 potentiam,
1469 1640 1547 1693 sunt
1575 1630 1737 1712 percussi.
1785 1627 1938 1713 Quodam

377 1758 464 1821 enim
490 1767 637 1838 tempore
661 1753 790 1837 pulices
813 1751 898 1816 tales
921 1774 963 1817 ac
985 1765 1076 1818 tante
1104 1755 1137 1819 in
1161 1753 1221 1819 illo
1244 1754 1322 1818 loeo
1345 1766 1595 1833 succreuerant,
1626 1765 1663 1818 ut
1687 1752 1797 1820 nullus
1820 1766 1939 1838 posset

313 1894 342 1954 5,
376 1882 421 1945 ibi
451 1899 652 1964 permanere.
705 1879 877 1944 Communi
907 1880 1007 1964 igitur
1036 1879 1178 1944 consilio
1216 1891 1249 1944 et
1277 1877 1447 1945 uoluntate
1483 1881 1684 1945 uniuersitas
1714 1879 1939 1945 claustralium

311 2014 341 2074 6.
376 2004 513 2090 parabat
536 2003 626 2067 abire
656 2014 689 2067 et
718 2002 847 2087 pulices
872 2015 905 2067 et
926 2003 1057 2088 plagam
1082 2003 1333 2069 intollerabilem
1357 2004 1532 2069 declinare.
1579 2005 1640 2069 Est
1662 2015 1772 2070 antem
1795 2026 1938 2070 consue-

376 2131 456 2194 tudo
480 2150 603 2207 eorum,
628 2138 674 2206 ut,
699 2149 773 2191 cnm
797 2127 906 2192 locum
931 2132 1133 2195 necessitate
1156 2129 1267 2215 aliqua
1293 2143 1434 2214 cogente
1456 2143 1582 2197 mutare
1605 2132 1796 2215 disponunt,
1824 2148 1938 2196 mona·

376 2255 478 2321 sterio
502 2275 564 2319 sno
587 2265 622 2317 et
644 2254 733 2317 curia
758 2253 884 2319 clausis
907 2266 940 2318 et
965 2256 1118 2323 clunibus
1139 2255 1272 2321 firmiter
1294 2259 1414 2323 seratis
1438 2256 1553 2347 claues
1576 2257 1669 2340 ipsas
1692 2257 1726 2320 in
1751 2257 1939 2321 summitate

312 2390 343 2449 7.
375 2383 498 2447 montis
515 2381 607 2444 Sinai
632 2383 664 2443 in
689 2381 890 2444 monasterio
906 2380 1070 2468 Moysi⁵²⁶
1092 2394 1255 2466 reponunt
1278 2393 1311 2445 et
1335 2381 1518 2447 abscedunt
1530 2378 1578 2444 ³³².
1612 2381 1712 2446 Juxta
1735 2401 1835 2467 rpram
1860 2401 1939 2447 con·

376 2509 585 2573 suetudinem
609 2517 741 2592 propter
764 2508 943 2572 instantem
966 2510 1204 2573 necessitatem
1227 2509 1428 2572 monasterio
1453 2507 1570 2572 clauso
1593 2518 1625 2570 et
1652 2507 1740 2571 curia
1765 2507 1880 2572 clunes
1903 2508 1938 2572 in

312 2640 342 2699 8.
376 2636 525 2721 predicto
555 2633 774 2711 monasterio,
809 2643 845 2698 ut
874 2633 1017 2714 abirent,
1053 2655 1212 2719 reponere
1241 2631 1452 2698 festinabant.
1505 2632 1586 2699 Cum
1615 2653 1697 2697 uero
1730 2634 1776 2698 ad
1801 2635 1937 2699 terciam

376 2772 499 2848 partem
523 2760 647 2825 montis
669 2759 920 2845 peruenissent,
949 2757 1005 2824 ubi
1038 2758 1167 2844 capella
1196 2768 1385 2824 constructa
1413 2766 1483 2838 est,
1512 2757 1558 2822 ibi
1587 2760 1737 2843 apparuit
1766 2759 1816 2823 eis
1841 2758 1939 2825 beata

375 2890 470 2971 uirgo
494 2887 597 2952 blaria
621 2885 850 2972 corporaliter,
882 2904 1041 2972 querens,
1072 2906 1138 2972 quo
1165 2885 1227 2950 iter
1251 2880 1425 2969 pararent?
1454 2893 1487 2947 et
1517 2893 1654 2967 accepta
1684 2903 1790 2949 causa
1812 2883 1939 2949 itineris

311 3024 341 3085 9.
376 3015 458 3079 dixit
482 3014 550 3079 cis:
575 3011 735 3094 „Reditel
758 3011 858 3098 plaga
877 3011 963 3077 enim
981 3009 1110 3077 sublata
1130 3022 1193 3091 est,
1218 3031 1283 3074 non
1308 3008 1450 3094 amplius
1473 3010 1651 3074 reditura.“
1686 3007 1738 3072 llli
1762 3029 1841 3092 ergo
1865 3010 1939 3074 red·

375 3142 492 3218 ierunt,
516 3160 579 3204 nec
602 3138 702 3223 pulex
727 3137 870 3224 amplius
894 3138 1066 3221 conparuit
1089 3137 1122 3200 in
1147 3135 1204 3201 illo
1229 3133 1315 3199 loco.

265 3314 268 3324 ι
314 3279 341 3337 l.
509 3270 693 3339 xxm.
741 3271 894 3357 Quodam
918 3285 1064 3357 tempore
1092 3292 1165 3335 cum
1190 3268 1299 3334 oleum
1328 3289 1393 3333 non
1418 3267 1578 3332 baberent
1601 3268 1642 3332 ad
1666 3266 1939 3333 illuminationem

311 3405 341 3466 2.
374 3400 566 3465 monasterii
583 3398 640 3465 uel
657 3397 723 3464 alia
740 3397 924 3477 luminaria,
944 3397 1060 3462 iterum
1079 3395 1260 3463 abscedere
1279 3395 1496 3481 propositum.
1531 3394 1634 3458 bloris
1653 3395 1740 3458 enim
1754 3393 1938 3489 §iecorum

374 3538 439 3608 est,
463 3537 500 3591 ut
523 3527 556 3591 in
576 3524 731 3590 eeclesiis
751 3527 823 3588 suis
842 3523 982 3608 plurima
998 3522 1141 3591 habeant
1164 3523 1348 3602 luminaria,
1371 3523 1468 3585 immo
1493 3517 1618 3583 infinita
1632 3515 1679 3598 ⁵²⁸,
1703 3519 1781 3604 quia
1797 3520 1938 3599 videtur,

309 3657 339 3718 3.
374 3653 463 3739 quod
492 3653 566 3716 sine
597 3649 709 3715 multis
739 3648 953 3714 luminaribus
985 3648 1059 3714 Deo
1094 3648 1193 3733 digne
1228 3669 1297 3712 non
1332 3644 1465 3712 ualeant
1495 3646 1671 3709 deseruire.
1725 3642 1808 3709 Cum
1837 3645 1939 3730 igitur

373 3777 542 3842 luminaria
568 3795 629 3840 sua
653 3774 794 3841 delicere
816 3770 1037 3854 uiderunt⁵²⁹,
1068 3774 1240 3839 discedere
1266 3770 1505 3860 proponebant,
1530 3781 1562 3834 et
1585 3771 1661 3833 dum
1686 3770 1802 3834 eodem
1826 3771 1938 3851 modo,

374 3921 439 3987 quo
463 3901 567 3983 prins,
591 3901 632 3963 ad
656 3899 778 3980 locum,
803 3898 858 3964 ubi
883 3900 1046 3964 dominum
1064 3911 1209 3963 nostram
1228 3897 1314 3964 sacie
1333 3899 1373 3962 ad
1397 3895 1516 3961 faciem
1536 3894 1684 3960 uiderant
1703 3904 1736 3957 et
1754 3895 1936 3972 audierant,

372 4027 617 4109 peruenissent,
646 4026 777 4089 domina
801 4037 925 4104 nostra,
951 4025 1049 4090 beata
1073 4027 1166 4111 uirgo
1190 4025 1305 4105 Maria,
1330 4026 1446 4089 iterato
1471 4020 1683 4106 corporaliter
1706 4021 1755 4084 eis
1781 4031 1834 4084 est
1857 4041 1936 4086 con-

308 4166 339 4223 t.
373 4160 500 4235 specta.
554 4147 630 4234 Que
660 4151 736 4214 dum
772 4149 994 4216 intellexisset
1027 4172 1163 4217 causam
1192 4153 1368 4217 discessus
1399 4170 1527 4227 eorum,
1563 4146 1646 4210 dixit
1677 4145 1743 4210 eis:
1778 4147 1937 4223 ‚,Rcdr'te,

372 4278 444 4356 quia
467 4275 603 4359 ydriam,
627 4278 657 4334 br
676 4296 737 4356 qua
755 4275 856 4336 oleum
871 4277 1028 4359 deponere
1050 4280 1263 4354 consueuirtr'a,
1287 4279 1452 4341 inuenietis
1467 4276 1537 4337 oleo
1560 4274 1756 4354 indeficiente
1771 4277 1936 4358 repletum.

243 4415 273 4474 5,
309 4413 339 4472 5,
372 4399 546 4481 Numquam
569 4399 773 4460 animalem
796 4400 836 4463 ab
865 4404 920 4463 illa
948 4404 1041 4488 ydria
1063 4403 1212 4466 uidebitis
1234 4405 1422 4482 desecasset
1468 4398 1646 4464 Redierunt
1672 4379 1754 4483 ergo
1782 4411 1816 4464 et
1844 4401 1936 4466 iuxta

597 4591 771 4598 ——---

480 4706 547 4775 ott)
565 4707 611 4762 lroe
626 4707 710 4775 naua]
731 4709 778 4760 Cir
796 4709 938 4766 Robinson
957 4713 971 4765 1
992 4710 1041 4767 tot
1061 4731 1100 4780 aq.
1128 4742 1163 4754 -
1188 4713 1256 4782 525)
1275 4723 1301 4766 et
1314 4717 1444 4786 potentio]
1464 4717 1595 4784 copulam
1620 4734 1636 4770 a
1660 4717 1780 4770 librariis
1805 4719 1933 4771 omissam

371 4816 482 4867 inserui.
502 4842 537 4856 -
557 4814 623 4882 ott)
644 4813 743 4886 moys]
764 4817 903 4872 Geritirus
922 4820 1055 4887 vulgatae
1074 4821 1225 4875 familiaris.
1241 4850 1278 4860 -
1303 4820 1369 4889 527)
1388 4833 1516 4893 reponunt
1535 4832 1559 4875 et
1576 4822 1722 4891 abruma]
1749 4825 1790 4877 lta
1814 4825 1877 4878 libri
1899 4825 1935 4879 ad

371 4935 452 4974 unum
471 4937 580 4986 ornnem
600 4921 672 4976 uude
689 4920 838 4977 'l'lrietmari
858 4943 977 4981 errorem
996 4929 1110 4984 subesse
1130 4931 1285 4996 suspicatur
1304 4931 1383 4983 nolui
1398 4933 1530 4986 seribere:
1553 4942 1721 5003 reponuntor
1736 4932 1881 4987 ὠιωιὶιιιι.
1897 4961 1934 4976 -

372 5024 440 5094 aas)
459 5027 578 5096 amana]
599 5030 812 5084 innumeratam..
831 5064 867 5072 -
885 5032 952 5105 aaa)
973 5036 1107 5104 eamn]
1126 5036 1257 5092 vraaraat.
1615 5028 1618 5033 ’
