4214 6096
1076 354 1135 415 104

263 534 350 599 Ioan
371 528 531 595 Bcsickcn
557 535 633 597 1506
653 530 687 593 in
709 536 737 595 4.
775 530 868 610 Quae
889 529 986 595 editio
1007 530 1113 595 Paris.
1135 530 1169 594 in
1190 529 1268 615 Reg.
1290 530 1333 595 D.
1349 536 1438 596 1554.
1473 527 1539 593 Sed
1560 539 1594 594 et
1606 529 1730 616 prodiit
1743 530 1866 617 pluries
1880 552 1938 618 po·

265 646 365 713 stea.“
408 644 581 710 Caeterum
608 654 716 711 censet
738 644 852 726 Quetif
868 669 900 709 v.
919 644 1051 711 Echard
1073 644 1243 710 Ricoldum
1264 644 1460 711 Alcoranum
1478 667 1542 709 non
1564 646 1735 731 integrum,
1763 667 1847 734 quae
1867 656 1940 711 erut

263 762 445 828 Pacciantii
473 762 647 843 sententia,
680 761 737 826 sed
764 784 807 826 cx
834 770 928 848 parte
956 769 1080 825 tantum
1108 760 1224 825 Latine
1250 759 1448 843 reddidisse,
1484 770 1516 825 et
1541 765 1683 841 epistolas
1715 768 1757 823 ad
1785 767 1939 826 eccesiam

264 884 492 959 triumphantem
519 881 551 937 in
578 881 717 955 suspiriis
749 884 849 939 ornari
875 881 968 939 animi
995 877 1173 963 scripsisse.
1217 875 1392 940 Praeterea
1420 875 1564 942 eiusdem
1585 881 1716 939 Libellus
1740 882 1939 941 adnationes

263 1002 423 1058 orientales
445 1000 481 1055 de
501 997 669 1055 discr-ionae
691 999 769 1055 iuter
791 998 928 1069 Iudaeos,
947 997 1072 1072 pentiles
1094 1004 1122 1053 et
1143 997 1386 1070 Malumetanos,
1409 1001 1557 1057 servatus
1579 992 1669 1079 apud
1690 992 1846 1058 Sanctam
1867 994 1938 1058 Ma·

262 1113 346 1176 riam
366 1107 536 1174 Novellam
560 1108 699 1187 Quctifio
719 1130 751 1170 v.
772 1105 924 1172 Echardo
945 1118 1027 1172 teste
1048 1106 1199 1172 laudatur
1221 1130 1241 1170 a
1263 1107 1458 1172 Pacciantio.
1518 1112 1732 1192 „Christianae
1751 1112 1829 1193 fidei
1870 1134 1938 1171 cou-

257 1234 354 1304 sessio
382 1232 474 1300 facta
500 1228 662 1285 Saracenis
686 1230 740 1302 pia
767 1237 794 1285 et
823 1228 961 1302 spiritum
991 1228 1181 1302 apostolicum
1207 1229 1342 1284 redolens
1364 1246 1406 1287 ex
1427 1223 1511 1309 stylo
1533 1222 1669 1310 aliisque
1691 1224 1872 1290 rationibus
1895 1224 1938 1290 ab

265 1342 387 1407 editore
407 1349 555 1404 censetur
584 1340 686 1402 nostri
708 1338 836 1403 Ricoldi
864 1362 886 1403 s.
908 1338 1052 1402 Ricardi.
1095 1338 1187 1403 Haec
1208 1338 1331 1424 prodiit
1352 1340 1386 1402 in
1408 1338 1595 1404 collectione
1618 1339 1872 1426 supralaudato
1895 1340 1939 1405 ad

265 1457 386 1523 calcem
418 1456 644 1520 confutationis
673 1453 755 1539 legis
784 1453 1019 1519 Saracenorum
1051 1476 1070 1517 a
1098 1477 1130 1541 p.
1154 1460 1212 1523 184
1240 1453 1283 1519 ad
1307 1461 1373 1521 192.
1436 1455 1568 1521 Obiisse
1601 1454 1712 1519 dicunt
1749 1454 1938 1521 Florentiae

264 1572 383 1637 XXXI
411 1570 514 1636 octob.
540 1570 723 1637 mccclx.
772 1570 827 1634 Sic
852 1570 1068 1651 Pacciantius‚
1099 1569 1238 1634 fortasse
1265 1593 1308 1635 ex
1338 1570 1523 1656 necrologio
1552 1570 1692 1636 Sanctae
1720 1570 1852 1653 Mariae]
1871 1571 1938 1638 No·

264 1687 383 1769 vallae,
416 1708 511 1772 quem
536 1708 652 1772 nempe
682 1686 788 1749 serunt
814 1708 855 1749 ex
888 1686 1010 1749 oriente
1039 1707 1059 1749 a
1091 1707 1214 1749 summo
1242 1686 1394 1771 pontifice
1421 1709 1477 1751 scu
1504 1686 1681 1751 Benedicta
1705 1688 1754 1752 XI
1779 1710 1836 1753 seu
1864 1688 1936 1755 Ole-

264 1814 370 1869 mente
390 1802 421 1866 V
443 1812 648 1885 revocatum,
676 1802 731 1888 qui
758 1800 916 1887 quaedam
948 1803 1037 1865 circa
1061 1799 1158 1864 fidem
1190 1800 1318 1866 illarum
1337 1803 1503 1866 nationum
1526 1802 1626 1867 dubia
1649 1802 1861 1868 declararet“

388 1919 451 1983 His
475 1920 543 1983 sive
565 1917 695 1998 Qustitii
723 1919 792 1981 sive
813 1915 958 1981 Eehardi
986 1916 1095 1980 verbis
1124 1938 1145 1981 a
1169 1916 1265 1981 nobis
1293 1921 1456 2005 excerptis
1486 1942 1525 1983 ea
1552 1921 1649 1983 ctiam
1670 1918 1822 1985 addenda
1844 1919 1934 1985 duci-

264 2058 350 2118 mus,
380 2056 462 2121 quae
483 2033 637 2098 Ricoldus
662 2035 733 2120 ipse
767 2034 801 2096 in
831 2033 934 2119 praef.
962 2037 1023 2114 §2
1050 2032 1188 2119 profert:
1221 2056 1283 2095 sese
1311 2039 1416 2113 lonoos
1438 2049 1464 2097 et
1490 2039 1655 2096 laboriosas
1671 2040 1936 2116 perepriuoeioues

264 2156 467 2231 assumpsisse,
489 2174 575 2231 quum
596 2154 693 2212 adduc
713 2153 859 2211 secularis
881 2152 1019 2225 extiterit,
1042 2160 1075 2209 ut
1094 2154 1260 2210 addisceret
1281 2152 1349 2211 illas
1370 2156 1519 2213 seculares
1539 2154 1698 2233 scienciae,
1728 2176 1803 2233 quas
1825 2156 1933 2215 libera·

264 2276 305 2330 tes
332 2272 491 2347 appellent.
535 2265 586 2331 Of.
616 2267 713 2329 etiam
734 2264 773 2327 Τ.
797 2262 929 2328 Tobleri
956 2263 1205 2350 topographiam
1234 2264 1395 2330 Hierosol.
1424 2266 1440 2330 I
1464 2289 1494 2352 p.
1518 2266 1641 2331 XXVI.
1683 2266 1935 2332 Tiraboschium

264 2384 311 2449 IV
332 2407 362 2471 p.
388 2391 444 2451 105
468 2403 515 2467 sq.
559 2380 689 2445 Gudeni
712 2379 858 2466 syllogen
879 2391 1074 2445 monument.
1095 2402 1125 2466 p.
1148 2382 1219 2446 383.
1260 2380 1376 2445 Valete
1405 2394 1436 2446 et
1457 2381 1623 2469 voluptate
1643 2382 1766 2467 eadem,
1788 2406 1852 2471 qua
1874 2406 1934 2449 nos

265 2500 512 2586 descripsimus,
534 2497 631 2582 legite
654 2495 805 2560 libellum.
