4214 6096
1010 329 1051 392 65

317 508 469 575 Secunda
488 531 628 595 uorago,
656 510 725 573 siue
746 509 859 591 uallis,
882 530 945 593 que
967 506 1173 572 diuidebatur
1193 506 1235 571 ab
1257 508 1320 570 ista
1341 505 1402 569 sub
1423 517 1512 569 turre
1535 504 1663 587 Dauid,
1694 508 1776 571 sieut
1799 506 1864 572 die-

192 634 260 689 tum
283 633 333 690 est
355 647 471 711 supra,
499 636 612 689 eontra
633 624 816 711 aquilonem
837 622 1052 710 procedebat,
1075 634 1106 687 et
1124 621 1266 687 faciebat
1287 622 1443 686 fossatum
1464 621 1605 684 ciuitatis
1628 643 1648 685 a
1669 631 1762 707 parte
1782 624 1864 687 ocei-

191 738 298 805 dentis
327 742 417 806 eirea
445 751 545 805 totam
571 728 805 826 longitudinem
833 740 974 805 ciuitatis
1000 761 1101 823 usque
1128 737 1293 802 adfinem
1320 738 1389 800 eius
1418 737 1452 799 in
1477 750 1573 823 parte
1605 736 1772 823 aquilonis.
1821 738 1866 802 Et

192 877 385 942 supeream
408 866 569 942 pertotum
582 857 640 933 436)
661 867 732 921 erat
752 858 888 921 interius
910 878 1008 941 rupes
1031 856 1189 935 eminane,
1212 875 1309 941 quam
1331 850 1487 937 Iosephus
1509 850 1654 938 appellat
1675 854 1866 935 Acramffi),

192 993 290 1058 super
320 994 417 1057 quam
445 981 515 1037 erat
542 994 653 1036 murus
675 973 816 1036 ciuitatis
839 972 981 1058 positus,
1010 972 1066 1056 qui
1088 969 1239 1054 cingebat
1261 969 1303 1032 ab
1326 967 1492 1033 occidente
1513 969 1677 1032 ciuitatem
1699 990 1800 1054 usque
1823 969 1866 1033 ad

186 1098 309 1165 portam
332 1089 552 1171 effraymffl),
574 1097 606 1152 et
625 1087 672 1152 ibi
696 1087 893 1151 curuabatur
914 1088 1031 1151 iterum
1051 1094 1164 1151 contra
1184 1086 1339 1150 orientem
1360 1106 1462 1170 usque
1483 1083 1527 1147 ad
1543 1097 1664 1165 portam
1683 1086 1866 1167 00909131),

192 1222 254 1287 que
286 1213 357 1266 erat
385 1205 559 1269 constituta
586 1205 619 1267 in
641 1202 758 1288 angulo
780 1203 940 1284 ciuitatis,
969 1202 1060 1287 quis)
1088 1214 1158 1266 erat
1179 1210 1290 1266 eontra
1312 1199 1465 1287 angulum
1488 1199 1649 1287 aquilonis
1671 1211 1702 1264 et
1725 1202 1866 1265 orientis.

191 1315 235 1381 Et
263 1316 312 1381 ibi
340 1319 456 1383 iterum
486 1340 597 1383 murus
631 1318 828 1383 euruabatur
851 1318 891 1383 de
912 1318 1060 1403 aquilone
1083 1339 1142 1404 per
1164 1319 1319 1381 orientem
1341 1328 1454 1381 eontra
1475 1326 1619 1379 austrum
1641 1328 1735 1379 extra
1756 1339 1867 1381 aream

191 1431 323 1520 templi,
355 1433 522 1498 includens
549 1433 637 1498 illam
664 1443 696 1498 et
722 1434 852 1499 domum
886 1436 972 1520 regis
1001 1446 1033 1499 et
1064 1443 1192 1519 portam
1219 1433 1317 1497 fontis
1343 1435 1412 1497 siue
1434 1454 1590 1516 aquarum
1613 1432 1705 1495 iuxta
1725 1443 1867 1497 montem

194 1546 273 1613 Sion
301 1548 344 1613 ad
375 1551 538 1614 orientem.
580 1549 625 1615 Et
650 1552 711 1614 iste
741 1564 810 1614 erat
838 1550 978 1615 ambitus
1009 1550 1160 1614 ciuitatis.
1204 1548 1314 1635 Rupes
1346 1558 1453 1613 autem
1473 1545 1545 1628 illa,
1572 1569 1803 1632 superquam,
1831 1557 1868 1611 ut

193 1661 315 1727 dietum
343 1674 392 1729 est
418 1675 509 1747 ante,
540 1687 581 1729 ex
608 1678 702 1752 parte
730 1665 906 1731 oeeidentis
937 1677 1006 1730 erat
1032 1689 1143 1730 murus
1152 1668 1178 1743 b)
1209 1666 1349 1729 ciuitatis
1380 1664 1565 1744 edificatus,
1595 1670 1695 1739 erate)
1724 1665 1867 1728 eminens

193 1777 305 1861 ualde,
335 1789 367 1844 et
388 1782 529 1844 maxime
553 1781 585 1843 in
605 1780 743 1866 angulo,
766 1781 820 1846 ubi
841 1780 1049 1846 occidentalis
1072 1805 1149 1868 pars
1170 1783 1256 1844 muri
1276 1779 1530 1865 coniungebatur
1553 1802 1624 1842 eum
1647 1777 1867 1865 aquilonalis).

193 1892 252 1959 Ille
279 1897 365 1960 enim
394 1896 483 1960 locus
514 1898 618 1982 magis
649 1909 719 1961 erat
751 1899 914 1980 eminens,
942 1895 1470 1973 0111111)011101110010101111,
1505 1918 1567 1981 que
1590 1894 1758 1958 dicebatm·
1778 1898 1866 1955 aebu-

192 2013 341 2094 1010141),
362 2023 393 2075 et
415 2012 581 2076 castellum
605 2012 700 2077 ualde
720 2013 864 2095 firmum,
887 2013 977 2077 euius
1001 2011 1107 2076 adhue
1128 2014 1220 2076 smne
1240 2022 1314 2076 sunt
1335 2011 1389 2076 ibi.
1431 2012 1474 2075 Et
1495 2011 1624 2076 uidetur
1645 2010 1720 2074 inde
1741 2010 1866 2074 Arabia

195 2140 224 2189 et
246 2125 396 2191 Iordanis
426 2139 457 2191 et
484 2151 573 2192 mare
604 2140 763 2194 mortuum
790 2140 820 2193 et
843 2128 908 2192 alia
931 2128 1003 2192 loca
1024 2122 1136 2205 multa,
1167 2131 1314 2215 quamuis
1335 2127 1467 2215 quidam
1488 2127 1600 2192 uolunt
1620 2127 1745 2207 dicere,
1779 2125 1866 2213 quod

193 2242 292 2307 turris
322 2241 479 2308 nebulosa
504 2245 602 2307 fuerit
631 2245 722 2308 iuxta
750 2244 918 2331 templum:
948 2243 1035 2331 quod
1067 2246 1270 2330 oportunitas
1299 2242 1362 2309 loei
1389 2255 1421 2307 et
1442 2242 1611 2306 decliuitas
1630 2264 1695 2306 non
1716 2240 1863 2306 admittit.

194 2358 246 2423 De
267 2359 332 2422 ista
352 2381 449 2444 rupe,
476 2383 517 2423 ex
539 2372 631 2445 parte
652 2359 845 2443 occidentis,
874 2372 908 2424 ut
930 2360 1051 2423 dietum
1072 2370 1136 2442 est,
1164 2358 1369 2424 uehementer
1391 2357 1476 2440 alta,
1505 2356 1709 2444 dependebat
1728 2356 1864 2421 latitudo

196 2475 347 2555 ciuitatis,
370 2473 529 2538 inclinans
551 2474 707 2561 paulatini
728 2498 829 2559 usque
851 2476 893 2540 ad
916 2500 1041 2540 murum
1068 2474 1272 2556 orientalem,
1293 2476 1380 2561 quis)
1402 2484 1473 2538 orat
1493 2496 1591 2559 super
1612 2482 1787 2538 torrentem
1808 2472 1865 2538 Oe-

198 2588 290 2673 dron,
312 2590 369 2655 ubi
390 2591 504 2654 ciuitas
524 2592 599 2677 ipsa
619 2603 690 2655 erat
710 2603 787 2655 tune
809 2604 839 2655 et
862 2606 911 2656 est
928 2592 1024 2656 hodie
1046 2591 1260 2672 demissiore),
1281 2590 1366 2655 unde
1388 2602 1419 2654 et
1441 2590 1486 2653 ibi
1509 2588 1620 2654 sordes
1642 2589 1784 2653 ciuitatis
1807 2610 1866 2673 per

199 2716 325 2794 portam
348 2705 540 2791 sterquilinii
563 2704 747 2770 defluebant
768 2708 800 2770 in
822 2718 996 2772 torrentem
1020 2706 1159 2773 Cedron.

318 2821 424 2885 Extra
452 2822 641 2905 uoraginem
670 2834 777 2886 autem
808 2826 876 2888 siue
903 2823 1018 2889 uallem
1047 2825 1155 2909 sepius
1178 2822 1399 2907 supradictam
1421 2843 1463 2884 ex
1485 2831 1578 2907 parte
1600 2819 1790 2897 occidentis,
1823 2820 1866 2884 ad

197 2938 362 3002 sinistram
384 2936 577 3001 exeuntibus
610 2937 649 3001 de
664 2950 758 3017 portu
781 2946 876 3003 ueteri
898 2943 965 3004 siue
986 2940 1216 3015 iudiciaria⁴⁴¹)
1243 2939 1303 3001 fuit
1323 2937 1484 3001 Dominus
1513 2935 1706 3017 transfixus,
1740 2948 1867 3022 etpost

197 3054 380 3139 passionem
409 3053 477 3115 eius
505 3052 601 3138 longo
628 3063 773 3140 tempore
803 3077 925 3140 uorago
954 3055 1011 3119 illa
1035 3053 1161 3140 repleta
1190 3065 1253 3135 est,
1282 3062 1314 3116 et
1340 3074 1450 3115 murus
1480 3052 1561 3115 alius
1591 3051 1866 3117 eiremnduetusa

198 3180 285 3233 turre
305 3167 418 3233 Dauid
439 3190 541 3253 usque
563 3168 605 3232 ad
626 3181 755 3255 portam
763 3178 789 3250 ¹¹)
809 3170 968 3256 Effraym,
990 3193 1053 3257 que
1073 3193 1159 3234 nunc
1179 3169 1266 3234 beati
1288 3168 1444 3255 Stephani
1466 3167 1658 3254 appellatur.

321 3282 422 3348 Uidea
444 3286 570 3370 itaque,
603 3286 689 3369 quod
710 3286 751 3351 ab
776 3298 886 3351 austro
908 3308 999 3351 mons
1022 3285 1117 3368 Sion,
1146 3286 1186 3349 de
1208 3285 1373 3350 oeeidente
1395 3306 1471 3348 uero
1492 3306 1589 3369 rupes
1611 3282 1685 3365 illa,
1714 3306 1775 3369 que
1797 3293 1867 3348 erat

199 3421 277 3486 pars
299 3402 417 3464 montis
439 3398 541 3479 Gion,
569 3402 623 3484 qui
647 3411 759 3465 eontra
781 3402 979 3466 occidentem
1000 3403 1033 3465 in
1056 3401 1226 3466 altitudine
1248 3402 1419 3489 plmimmu
1444 3422 1478 3464 se
1501 3398 1727 3481 extenditll'2),
1756 3422 1866 3486 super·

198 3514 380 3580 eminebant
402 3516 491 3598 urbi,
524 3527 555 3580 et
577 3515 636 3580 sub
658 3518 738 3602 ipsis
761 3516 885 3583 duobus
907 3517 1070 3583 montibus
1093 3529 1206 3583 eontra
1227 3519 1381 3582 orientem
1404 3535 1434 3580 et
1456 3516 1640 3603 aquilonem
1661 3525 1729 3579 tota
1752 3518 1866 3580 ciuitas

198 3633 293 3719 qnasi
313 3633 346 3695 in
368 3631 484 3697 deeliui
501 3632 618 3697 montis
641 3631 743 3696 latere
766 3632 981 3718 dependebat.

319 3747 414 3813 Mons
434 3752 553 3825 storia,
580 3751 613 3811 in
640 3770 704 3834 quo
731 3749 887 3834 templum
909 3750 1043 3814 Domini
1069 3759 1102 3814 et
1129 3748 1290 3835 palaeimn
1320 3750 1406 3834 regis
1428 3747 1579 3811 edificata
1601 3750 1780 3831 erant⁴⁴³),
1809 3748 1866 3813 ali-

263 3916 291 3981 a)
309 3930 359 3983 qus
377 3915 416 3969 St.
436 3913 484 3979 qui
501 3911 527 3968 h.
547 3944 577 3952 -
602 3911 631 3974 b)
649 3928 811 3966 1110110011.
831 3913 887 3979 St,
906 3913 990 3968 habet
1010 3913 1035 3968 h.
1066 3945 1093 3952 -
1120 3918 1146 3981 e)
1164 3921 1188 3968 et
1211 3918 1271 3967 erat
1288 3912 1320 3967 St
1332 3912 1358 3967 h.
1392 3910 1528 3979 Copulam
1553 3917 1578 3963 et
1603 3910 1760 3967 delevimus.
1779 3944 1811 3951 —
1837 3915 1866 3980 d)

330 3996 457 4066 aqrts'loui
473 3994 511 4050 St.
531 3996 687 4063 aqrtz'lonuls'
703 3994 728 4050 h.
762 3994 803 4049 Cf.
823 3996 859 4050 II.
878 4001 917 4051 20.
940 4028 972 4035 —
997 4010 1023 4060 e)
1042 3996 1145 4051 ubist.
1165 3998 1247 4053 itit.
1275 4027 1302 4036 -
1330 3996 1356 4063 f)
1376 4013 1426 4064 que
1443 3994 1483 4049 St.
1502 3995 1552 4063 qui
1570 3993 1595 4050 h.
1623 4025 1653 4033 -
1677 3999 1706 4067 g)
1724 3998 1867 4050 diotrirss'or

330 4078 369 4135 St.
390 4079 742 4143 -11)11011)01)α((ἱιί-
758 4087 870 4149 portam
890 4097 942 4135 om.
962 4079 1013 4147 St,
1033 4080 1117 4134 babet
1137 4080 1163 4134 h.

260 4242 331 4309 436)
355 4235 512 4311 perrosum]
534 4235 797 4313 Franeogallorum
808 4243 944 4310 portast.
975 4234 1010 4293 V.
1052 4235 1140 4294 XVI.
1169 4241 1236 4296 399.
1280 4233 1439 4301 'I'oblerus,
1477 4231 1556 4311 apud
1585 4252 1673 4311 quem
1700 4233 1785 4291 turris
1818 4252 1867 4291 ue·

196 4336 247 4396 Fr.
263 4336 339 4396 Dies
358 4333 542 4396 Grammatik
564 4333 616 4393 der
638 4334 841 4393 romanisehen
859 4334 1010 4413 Spraelreu
1054 4333 1175 4392 bulosae
1208 4334 1385 4392 mentionem
1423 4351 1481 4389 uon
1508 4332 1687 4403 invenimus,
1724 4330 1762 4390 de
1790 4342 1868 4390 turre

196 4436 275 4496 Part
296 4436 329 4495 II
346 4456 373 4514 p.
393 4436 460 4494 288.
1055 4431 1205 4491 Taneredi
1232 4431 1353 4510 exponit
1381 4431 1410 4487 iu
1431 4430 1503 4489 libro
1525 4432 1663 4510 inscripto
1687 4431 1817 4509 'I‘opogn
1840 4451 1867 4490 v.

259 4538 331 4607 437)
357 4552 445 4610 quarti
474 4534 616 4606 Iosephus
645 4552 715 4606 app.
744 4532 863 4606 Auram]
895 4532 1010 4611 Ioseph.
1053 4531 1196 4590 denual.
1220 4536 1269 4591 119.
1295 4536 1341 4588 ll.
1385 4527 1431 4588 cf.
1459 4548 1574 4607 quoque
1595 4530 1718 4590 'I'obleri
1737 4529 1869 4587 tabulam

196 4634 231 4694 B.
251 4634 283 4695 J.
306 4634 333 4692 I.
356 4638 381 4704 l,
404 4637 432 4691 4.
467 4629 512 4690 Cf.
534 4629 569 4688 V.
594 4636 625 4701 e,
650 4636 675 4689 1.
712 4630 864 4689 Robinson
886 4630 948 4691 I’al.
971 4632 1011 4690 II.
1054 4648 1154 4706 geogr.
1174 4630 1357 4707 inscriptam:
1380 4628 1456 4686 l’lau
1477 4629 1868 4701 voriderusalon1,u·iess

198 4740 237 4797 45
258 4754 323 4813 sqq·
1055 4748 1108 4785 aur
1137 4727 1201 4787 Zeit
1225 4728 1277 4787 der
1304 4727 1504 4786 Krouzlaltrer
1533 4748 1607 4799 war,
1638 4726 1768 4786 additam
1793 4725 1867 4785 libro

260 4834 331 4901 438)
366 4848 456 4905 usqua
497 4831 539 4885 ud
572 4837 694 4904 portam
733 4829 879 4903 Effraym]
922 4828 1012 4886 Porta
1054 4828 1132 4905 eius,
1155 4829 1203 4904 qui
1225 4838 1269 4886 est
1292 4827 1328 4886 de
1350 4827 1432 4885 fonte
1454 4824 1560 4884 Siloae.

195 4930 338 5011 Ephraim
370 4935 415 4986 est
442 4935 528 5006 porta
557 4927 710 5006 Stephani.
755 4927 791 4986 V.
815 4927 928 4987 'I‘obler
951 4927 1011 4987 To·
1117 4931 1189 4989 441)
1211 4929 1246 4985 de
1267 4935 1361 5001 porta
1383 4925 1477 4981 aretari
1503 4925 1564 4980 siae
1585 4924 1754 4998 iudiciaria}
1779 4923 1868 4984 Hane

196 5051 279 5111 pogr.
300 5050 327 5089 v.
349 5028 447 5087 derue.
468 5027 493 5085 I.
519 5031 583 5086 149.
610 5031 674 5087 1113.
696 5037 803 5087 notam.
1055 5036 1168 5105 portam
1199 5024 1256 5083 alio
1286 5026 1404 5083 nomine
1432 5032 1548 5101 portam
1569 5021 1656 5080 villae
1677 5021 1796 5081 fullonis
1818 5044 1868 5082 vo-

196 5130 199 5135 ’
259 5132 331 5202 439)
348 5134 471 5202 portam
500 5126 612 5201 anuali}
642 5125 681 5185 V.
703 5126 855 5186 Robinson
885 5128 948 5185 Pal.
971 5128 1012 5186 II.
1055 5132 1150 5183 catam
1184 5143 1248 5182 esse
1270 5133 1370 5182 censet
1389 5120 1540 5180 Robinson
1563 5120 1627 5181 Pal.
1648 5121 1688 5180 II.
1712 5127 1777 5182 119.
1821 5120 1868 5182 cf.

200 5234 267 5290 116.
310 5224 459 5286 20111011.
480 5224 581 5285 XXV.
606 5229 653 5286 23.
698 5225 811 5287 'l'obler
830 5226 962 5306 'I'opogu
983 5248 1012 5288 v.
1054 5223 1165 5282 Tobler
1187 5221 1319 5300 'I'opogu
1339 5242 1366 5280 v.
1388 5220 1485 5279 Jerus.
1508 5219 1532 5279 I.
1559 5225 1612 5280 163
1631 5229 1738 5282 notam.

194 5326 294 5387 Jerus.
312 5326 336 5386 I.
363 5328 418 5385 163
443 5332 551 5388 uotam.
1116 5324 1187 5393 442)
1208 5320 1314 5378 montis
1333 5318 1422 5393 (lion,
1439 5319 1489 5395 qui
1511 5328 1617 5377 contra
1639 5321 1866 5380 occidentem—

259 5430 331 5500 440)
360 5423 456 5483 turris
484 5459 522 5467 -
552 5423 700 5498 nebulosa]
735 5422 838 5482 Tauris
869 5422 1012 5482 nebulosa
1054 5442 1085 5480 se
1107 5421 1246 5495 extendit]
1270 5417 1315 5478 cf.
1337 5426 1436 5476 notam
1458 5422 1516 5477 549
1538 5416 1576 5474 ad
1597 5417 1683 5478 VIII.
1703 5426 1730 5480 6.

195 5532 241 5584 sst
261 5526 346 5584 turris
370 5522 529 5583 I'aneredi.
571 5522 683 5582 Rittero
705 5530 823 5581 auctore
839 5521 1011 5582 Burehsrdo
1116 5526 1188 5593 443)
1211 5538 1293 5577 mons
1320 5517 1424 5573 Morio
1452 5548 1493 5558 —
1521 5517 1659 5595 edificata
1687 5519 1783 5594 erant]
1820 5516 1866 5577 cf.

196 5622 251 5682 soli
272 5624 398 5682 nominis
420 5621 506 5682 huius
528 5623 660 5682 notitiam
683 5620 830 5681 debemus.
859 5621 896 5681 V.
918 5621 1012 5681 Ritter
1052 5620 1205 5680 Robinson
1228 5617 1290 5677 Pal.
1312 5616 1352 5675 II.
1376 5620 1422 5677 85.

1643 5734 1658 5780 tl
