4214 6096
1046 356 1087 419 44

512 531 679 600 INCIPIT
702 531 913 598 SECUNDA
932 531 1102 599 DlUISIO
1124 531 1308 613 QUARTE
1332 530 1612 600 ORIENTALIS.

196 681 208 732 1
351 664 407 729 VI.
450 664 489 729 In
516 663 659 729 secunda
685 665 844 729 diuisione
871 673 985 752 quarte
1012 665 1177 730 orientalis
1206 667 1312 752 primo
1333 673 1407 752 post
1427 664 1540 729 Accon
1560 661 1765 750 procedendo
1787 672 1902 729 contre

229 793 453 847 euroaustrum
481 779 524 844 ad
552 790 691 863 quatuor
709 779 820 844 leucas
842 779 882 845 de
903 781 1014 846 Acoon
1039 790 1088 845 est
1111 784 1216 844 Obana
1242 780 1427 859 6077700271)
1438 830 1447 862 ,
1475 778 1530 844 ubi
1551 778 1711 845 Dominus
1739 779 1901 844 conuertit

229 920 345 985 aquam
372 899 407 961 in
438 899 557 960 uiuum.
599 896 645 960 Et
671 895 852 960 ostenditur
877 896 998 961 ibidem
1020 895 1116 961 hodie
1145 895 1251 979 locus,
1284 896 1341 960 ubi
1368 906 1525 975 steterunt
1552 917 1610 960 sex
1629 894 1723 982 ydrie
1744 904 1776 960 et
1796 893 1900 960 tricli-

226 1015 327 1094 nium,
348 1015 382 1077 in
404 1035 466 1099 quo
488 1021 582 1075 erant
601 1034 719 1076 mense.

354 1129 435 1194 Sunt
458 1137 566 1191 tamen
588 1126 648 1190 hec
667 1128 754 1209 loca,
777 1128 859 1191 sicut
881 1129 988 1192 omnia
1010 1125 1075 1191 alia
1096 1126 1174 1209 sere,
1195 1129 1229 1191 in
1251 1128 1369 1212 quibus
1391 1128 1552 1192 Dominus
1573 1137 1622 1191 est
1643 1126 1765 1213 aliquid
1787 1147 1902 1214 opera·

226 1258 288 1327 tus,
311 1244 369 1309 sub
391 1253 488 1325 terra,
511 1253 543 1306 et
565 1242 771 1308 descenditur
794 1243 837 1307 ad
858 1265 896 1307 ea
917 1244 951 1307 in
975 1254 1123 1330 cryptam
1145 1265 1204 1329 per
1226 1242 1334 1329 plures
1356 1243 1488 1329 gradus,
1508 1244 1592 1308 sicut
1611 1252 1660 1307 cst
1674 1242 1765 1309 locus
1781 1265 1904 1308 annun·

229 1362 377 1426 eiationis
406 1370 437 1424 ot
463 1359 645 1423 natiuitatis
679 1369 711 1423 et
736 1360 800 1422 ista
820 1356 934 1423 Obana
956 1357 1082 1423 Galilee
1108 1367 1139 1423 et
1170 1357 1265 1445 plura
1292 1359 1373 1442 alia,
1405 1382 1467 1446 que
1490 1358 1702 1423 ostenduntur
1723 1357 1902 1423 subterra

229 1477 361 1553 Ouium)
382 1478 430 1539 rei
450 1473 548 1538 aliam
571 1496 634 1538 non
656 1476 786 1539 inuenio
809 1475 982 1554 rationem,
1012 1475 1075 1539 nisi
1098 1474 1184 1561 quod
1206 1496 1264 1561 per
1284 1475 1466 1560 frequentes
1490 1472 1723 1539 destructiones
1750 1473 1901 1540 ecclesia-

227 1615 309 1673 rum,
329 1592 364 1656 in
385 1591 502 1678 quibus
524 1600 617 1654 erant
637 1590 711 1655 loca
732 1592 821 1677 ipsa,
850 1591 941 1652 ruine
965 1599 1038 1653 sunt
1060 1612 1157 1676 super
1180 1599 1301 1654 terram
1322 1589 1479 1672 exaltate,
1509 1599 1540 1654 et
1569 1591 1616 1655 sio
1638 1590 1903 1678 qualitercunque

228 1710 275 1773 eis
306 1708 519 1793 complanatis
548 1707 612 1771 alia
644 1705 772 1771 edificia
801 1705 940 1791 desuper
972 1715 1046 1769 sunt
1077 1715 1269 1771 constructa.
1312 1705 1489 1772 Christiani
1517 1727 1594 1770 uero
1622 1704 1824 1771 deuotionem
1845 1706 1901 1771 ha-

227 1823 339 1888 bentes
361 1822 515 1888 uisitandi
538 1821 610 1887 loca
632 1825 696 1887 ista
717 1833 749 1886 et
769 1821 913 1887 uolentes
935 1821 978 1885 ad
998 1843 1078 1885 uera
1098 1821 1180 1903 loca,
1202 1821 1257 1885 ubi
1277 1844 1329 1886 res
1353 1832 1401 1885 est
1420 1831 1521 1905 gesta,
1544 1822 1724 1907 peruenire,
1748 1822 1901 1907 oportuit,

226 1949 263 2003 ut
282 1939 355 2004 loca
375 1938 618 2015 eruderarentb)
641 1937 684 2003 nd
705 1937 828 2022 gradus
849 1936 1024 2018 faciendos,
1046 1947 1082 2001 ut
1104 1938 1151 2000 sic
1173 1936 1216 2001 ad
1239 1960 1277 2002 ea
1299 1940 1515 2023 peruenirent.
1548 1937 1592 2001 Et
1610 1936 1684 2002 ideo
1706 1938 1773 2003 fere
1793 1939 1902 2003 omnia

226 2054 298 2120 loca
331 2057 396 2118 ista
425 2055 517 2141 quasi
543 2056 578 2118 in
600 2056 724 2140 cryptis
733 2062 757 2131 ο)
786 2052 938 2116 uidentur
960 2074 1040 2116 esse.
1085 2052 1199 2119 Chana
1223 2052 1350 2118 Golilee
1373 2052 1415 2116 ab
1437 2052 1587 2139 aquilone
1608 2063 1747 2118 montem
1769 2052 1903 2131 habete>

228 2171 326 2236 altum
360 2182 392 2234 et
419 2170 598 2235 rotundum.
641 2170 686 2234 Et
714 2180 762 2235 est
791 2171 824 2233 in
851 2169 997 2241 decliui⁶t
1028 2169 1129 2233 latere
1161 2170 1230 2234 eius
1263 2173 1335 2234 sita.
1378 2169 1445 2235 Sub
1467 2192 1501 2234 se
1522 2190 1600 2234 uero
1620 2180 1733 2234 contra
1754 2180 1902 2234 austrum

227 2286 326 2352 habet
347 2308 497 2373 campum
520 2297 551 2350 et
571 2285 744 2373 planiciem
766 2284 863 2350 ualde
886 2285 1068 2370 pulchram,
1102 2308 1199 2372 quam
1220 2285 1376 2371 Iosephus
1398 2283 1542 2372 appellat
1565 2285 1816 2367 carmelum),
1848 2306 1901 2350 ns-

229 2424 291 2489 que
313 2404 347 2467 in
369 2402 593 2488 Sephoramf),
613 2401 752 2466 fertilem
771 2403 868 2464 nimis
891 2411 922 2465 et
944 2407 1126 2476 amenamss)
1149 2400 1251 2466 ualde.

195 2531 210 2584 2
351 2518 404 2582 De
426 2517 541 2584 Obana
563 2518 688 2583 Galilee
715 2517 841 2581 duabus
863 2516 963 2581 leucis
987 2527 1099 2581 contra
1122 2517 1289 2581 meridiem
1311 2517 1394 2598 scre,
1416 2517 1449 2579 in
1471 2517 1541 2598 uia,
1571 2537 1632 2602 que
1654 2515 1694 2580 de
1716 2516 1901 2603 sephorae)

229 2633 436 2699 Tiberiadem
458 2633 556 2716 ducit,
578 2647 626 2700 est
647 2634 725 2699 uilla
746 2632 964 2721 quedamm),
984 2638 1083 2694 Rorno
1091 2630 1110 2711 ¹)
1132 2633 1269 2715 nomine,
1292 2636 1324 2697 in
1346 2654 1410 2717 qua
1424 2633 1519 2696 Ionas
1541 2631 1700 2718 propheta
1719 2631 1838 2697 dicitur
1853 2655 1902 2698 se·

227 2750 335 2836 pnltus
362 2751 539 2828 fuisse²⁷⁴).
582 2751 670 2815 Uilla
697 2752 761 2815 ista
783 2760 833 2814 est
854 2748 913 2813 sub
936 2748 1115 2824 monto²⁹⁵)
1138 2751 1215 2830 sita,
1243 2751 1297 2833 qui
1326 2748 1366 2813 de
1388 2744 1585 2825 Nazarethl)
1611 2752 1743 2813 ueniens
1764 2749 1903 2814 includit

226 2865 408 2953 predictam
431 2865 549 2930 uallem
572 2866 755 2932 Carmelion
777 2889 797 2930 a
819 2874 913 2950 parte
936 2862 1080 2928 australi.

193 2999 208 3049 3
350 2982 402 3046 De
423 2981 528 3047 Romu
536 2987 555 3061 ¹)
589 2983 631 3047 ad
656 3005 754 3047 unam
781 2980 906 3045 leucam
934 2991 967 3044 et
992 2980 1059 3044 scre
1081 2980 1249 3044 dimidiam
1278 2992 1391 3045 contra
1420 2982 1576 3045 orientem
1597 2991 1644 3046 est
1665 2982 1745 3046 uilla
1764 2981 1900 3067 grandis

228 3097 399 3184 quondam,
422 3108 456 3161 ut
477 3097 614 3180 uidetur,
637 3099 766 3163 nomine
787 3097 1080 3174 Aoelmeulam)²³⁰)‚
1104 3094 1144 3160 de
1167 3119 1230 3184 qua
1251 3095 1369 3182 legitur
1388 3098 1422 3161 in
1441 3096 1569 3178 Iudith,
1601 3095 1686 3181 quod
1707 3096 1902 3163 Holofernes

293 3264 321 3328 a)
339 3261 386 3312 cni
402 3260 441 3315 St.
464 3262 541 3316 malm
558 3261 583 3316 h.
607 3291 640 3301 —
668 3263 697 3323 b)
716 3262 877 3316 mereret
895 3261 935 3315 St.
954 3262 1132 3315 erurlcrorent
1149 3260 1174 3315 h.
1193 3292 1225 3299 —
1243 3265 1269 3327 c)
1287 3263 1400 3332 seriptis
1419 3260 1458 3316 St.
1476 3292 1509 3302 -
1535 3263 1565 3327 d)
1584 3263 1682 3327 liobae
1698 3260 1738 3316 St.
1774 3262 1903 3318 Habete

361 3345 521 3398 coniectura
538 3346 686 3414 posuimus.
706 3377 734 3384 -
755 3358 780 3409 e)
799 3344 880 3398 elisii
896 3343 929 3399 St
939 3343 965 3398 b.
987 3375 1012 3382 -
1035 3343 1061 3410 l)
1081 3345 1232 3415 Sephomm
1251 3344 1291 3399 St.
1309 3376 1340 3384 -
1359 3358 1389 3416 g)
1406 3363 1529 3400 amenum
1547 3344 1579 3400 St
1591 3344 1617 3403 h.
1639 3379 1666 3388 -
1688 3344 1718 3407 h)
1730 3343 1901 3415 sepharoSt

362 3426 382 3495 i)
399 3428 491 3482 Romo
507 3428 541 3483 St
551 3429 576 3482 h.
612 3430 692 3493 Quod
712 3427 863 3484 emendavi.
883 3458 917 3468 -
937 3427 967 3498 k)
984 3428 1126 3482 Nazorolst
1143 3429 1182 3484 St.
1205 3462 1232 3469 -
1256 3429 1275 3493 1)
1295 3431 1387 3483 Romo
1402 3428 1441 3483 St.
1461 3431 1542 3482 ruina
1560 3429 1601 3484 cd.
1619 3435 1726 3484 venete.
1746 3458 1779 3468 -
1803 3433 1841 3494 m)
1860 3428 1902 3485 St.

361 3511 446 3566 habet
463 3512 562 3566 odino.
582 3544 612 3553 -
632 3512 699 3568 Cod.
717 3511 803 3565 Bern:
821 3512 942 3565 Beelmo.
977 3511 1069 3565 Editio
1088 3511 1210 3566 Veneta:
1231 3513 1409 3567 Abelotnthrm
1426 3514 1484 3567 circe
1503 3512 1635 3567 Belmnm.

294 3654 365 3724 271)
393 3650 495 3709 Chaon
528 3650 651 3727 Gallice]
685 3651 791 3710 Nullus
821 3649 941 3722 dubito,
975 3651 1044 3730 quin
1088 3648 1133 3710 Of.
1159 3650 1254 3710 Ritter
1282 3651 1369 3710 XVI.
1398 3658 1455 3713 765
1492 3661 1522 3711 et
1547 3649 1744 3711 Vsndeveldii
1761 3649 1904 3713 'tabulam

227 3749 413 3810 Burchardus
427 3751 528 3810 viserit
544 3769 643 3809 veram
661 3752 809 3830 antiquam
824 3749 947 3815 Canum,
969 3768 1045 3827 quae
1086 3769 1185 3826 geogr.
1208 3761 1276 3810 sect.
1299 3757 1325 3812 3.

228 3858 273 3910 est
291 3868 391 3909 recens
414 3848 541 3908 Kbirbet
559 3850 647 3907 Kana
669 3852 730 3909 sive
750 3851 841 3908 Kana
858 3847 1045 3919 el·DscheliI,
1148 3852 1220 3921 273)
1240 3851 1348 3925 Romal
1371 3849 1486 3908 Rumah
1508 3857 1553 3909 est
1573 3850 1606 3908 II
1625 3848 1698 3926 Reg
1721 3853 1769 3918 23,
1790 3854 1838 3912 26.
1866 3849 1905 3912 V.

227 3968 288 4007 non
315 3947 391 4006 Kefr
415 3947 532 4007 Kenua.
574 3948 638 4007 Nec
666 3952 760 4007 minus
791 3968 963 4027 persuasum
994 3947 1043 4005 ha·
1086 3947 1204 4026 losephi
1227 3948 1259 4009 Β.
1279 3949 1310 4006 J.
1333 3950 1389 4009 III.
1416 3956 1446 4017 7,
1477 3953 1524 4008 21.
1580 3947 1666 4008 Nune
1692 3958 1814 4008 vocatur
1839 3949 1904 4009 Ha·

227 4046 299 4117 beo,
326 4046 466 4123 integram
495 4046 571 4105 hanc
597 4057 626 4105 et
648 4067 746 4106 veram
768 4047 927 4105 Burcburdi
955 4048 1043 4125 scrip·
1087 4047 1189 4104 nimab
1218 4068 1240 4106 s.
1260 4047 1386 4106 Khirbet
1407 4047 1547 4109 cr-Rumi.
1591 4047 1627 4108 V.
1656 4067 1714 4106 van
1746 4045 1784 4104 de
1806 4046 1903 4109 Velde

227 4149 336 4207 tionem
359 4166 438 4216 esse,
460 4145 551 4204 tribus
575 4147 652 4204 enirn
675 4146 754 4205 libris
776 4146 1045 4205 vratislavieusibus
1087 4145 1174 4206 Mem.
1197 4166 1225 4224 p.
1247 4150 1321 4216 3453
1342 4147 1437 4205 Ritter
1456 4146 1541 4206 XVI.
1564 4152 1630 4208 765.

228 4245 421 4306 confirmatur.
462 4243 499 4302 Id
521 4244 599 4323 quod
618 4244 798 4314 Robinsono,
820 4245 882 4304 Pal.
901 4247 959 4305 111.
985 4252 1044 4306 448
1149 4249 1220 4316 274)
1245 4247 1336 4303 Ionos
1354 4268 1386 4321 p.
1410 4248 1542 4321 sepultus
1558 4245 1675 4320 fuisse]
1704 4246 1740 4304 In
1762 4265 1840 4324 pugo
1862 4245 1904 4306 el-

227 4354 299 4404 nota
327 4342 364 4402 de
390 4344 454 4421 ipsu
483 4362 553 4401 vcra
579 4343 740 4402 Burchardi
768 4345 941 4422 scriptione,
970 4365 1044 4424 qnae
1087 4342 1242 4415 Mesched,
1273 4364 1331 4403 non
1360 4344 1474 4403 Rumae
1507 4353 1682 4403 monstratur
1703 4344 1781 4405 Nobi
1802 4348 1903 4422 Iunas,

228 4445 274 4517 sit,
294 4441 414 4501 dubium
437 4441 613 4513 linerentem,
635 4462 807 4521 responsum
823 4444 966 4502 volumus.
998 4441 1043 4502 Cf.
1086 4440 1250 4520 sepulcrum
1274 4444 1380 4501 Ionae:
1404 4466 1429 4502 v.
1452 4444 1546 4502 Ritter
1567 4444 1652 4504 XVI.
1677 4450 1745 4507 680.

229 4562 289 4601 van
318 4540 355 4599 de
378 4538 473 4598 Vclde
496 4539 582 4598 Mem.
614 4562 642 4619 p.
667 4547 733 4601 301.
775 4540 928 4600 Robinson
950 4542 987 4600 N.
1010 4543 1043 4602 F.
1148 4544 1219 4610 275)
1241 4543 1293 4599 sud
1316 4545 1418 4617 tronto]
1441 4546 1457 4604 i.
1478 4566 1504 4602 c.
1529 4543 1597 4602 Tell
1620 4543 1720 4617 (colle)
1740 4543 1867 4606 anuh.

228 4662 256 4720 p.
273 4644 340 4702 826.
375 4639 561 4717 Quamquam
580 4641 656 4698 enirn
672 4639 938 4700 KhirbetKanas
955 4642 1044 4700 Kana
1150 4643 1221 4707 276)
1243 4641 1460 4699 Ahcbnenlo—
1479 4643 1588 4718 Iudith!
1613 4646 1648 4703 In
1670 4642 1745 4700 libro
1767 4642 1904 4705 Iudithee

229 4738 405 4799 el·Dschelil
420 4737 591 4797 Robinsono
607 4748 725 4798 auctore
741 4739 862 4799 Accone
879 4739 962 4799 abest
981 4746 996 4799 5
1017 4741 1044 4800 h.
1087 4739 1156 4799 VII.
1175 4745 1191 4800 3
1209 4751 1450 4798 commemoratur
1472 4741 1570 4810 „locus
1587 4744 1635 4821 qui
1654 4741 1759 4800 dicitur
1773 4741 1903 4801 Belma“.

230 4839 292 4909 35¹,
320 4859 408 4916 quum
432 4835 617 4896 Burchardus
647 4847 772 4916 quatuor
802 4846 914 4897 tantum
946 4840 1044 4898 leucas
1087 4838 1146 4898 Sed
1168 4839 1217 4898 III
1239 4839 1312 4916 ch.
1335 4838 1424 4898 XIX.
1450 4845 1486 4900 16
1516 4842 1622 4900 mentio
1651 4842 1683 4899 fit
1702 4840 1781 4899 Abel
1802 4839 1904 4900 Msho·

228 4946 369 5007 numeret,
391 4937 482 4994 nihilo
504 4945 602 4995 tumen
624 4939 719 4996 secius
737 4936 875 4995 distantia
890 4939 958 5015 pagi
970 4937 1046 4997 Kefr
1087 4938 1146 5007 loc,
1176 4957 1264 5015 quam
1285 4938 1497 5009 Abelmelrula,
1524 4939 1700 4998 Abelmeula
1728 4940 1814 4998 aliter
1834 4941 1904 4999 scri-

228 5035 352 5107 Konna,
373 5056 461 5115 quarn
482 5034 660 5094 habitatores
683 5037 738 5115 ipsi
761 5036 908 5114 antiquam
932 5033 1044 5093 (lanam
1088 5035 1168 5094 bunt.
1212 5037 1310 5107 Quum
1332 5038 1433 5114 igitur,
1465 5058 1540 5117 quae
1560 5038 1637 5097 Abel
1659 5037 1795 5098 Meholue
1826 5038 1905 5098 facts

229 5152 293 5192 esse
315 5133 444 5207 tradunt,
472 5155 561 5215 quum
591 5141 606 5194 7
631 5135 716 5193 boras
743 5135 791 5194 50¹
813 5136 934 5192 Accone
962 5132 1045 5205 absit,
1088 5144 1170 5204 sunt,
1204 5133 1241 5193 dc
1269 5135 1373 5194 eadem
1402 5137 1487 5207 villa,
1520 5157 1595 5216 (quiae
1620 5135 1756 5196 Iudithac
1783 5136 1856 5198 VII.
1884 5142 1902 5200 3

229 5233 315 5292 etiam
341 5235 435 5292 minus
466 5236 495 5293 in
525 5254 677 5293 numerum
699 5232 744 5293 IV
771 5233 919 5293 leucarum
941 5253 1045 5292 conve·
1087 5244 1277 5307 memoratur,
1297 5234 1375 5295 dIcta
1397 5237 1465 5296 velit
1487 5237 1622 5315 scriptor:
1645 5244 1727 5315 patet
1748 5257 1815 5297 eum
1835 5236 1904 5297 Bel-

229 5332 291 5392 nire
313 5342 444 5410 apparet.
1087 5352 1166 5390 mam
1196 5355 1261 5393 cnm
1280 5335 1475 5395 Abelrneholu
1494 5357 1589 5396 errore
1612 5335 1800 5396 confundere.
1843 5334 1904 5397 Sed

292 5433 364 5504 272)
385 5433 528 5506 Iosephus
550 5433 683 5507 appellat
701 5430 877 5506 Cat-maios]
900 5429 1045 5509 Iosephus
1087 5435 1241 5510 quaeritur,
1263 5445 1357 5494 utrum
1379 5436 1510 5495 Belmam
1532 5435 1644 5508 adierit,
1666 5456 1704 5494 an
1726 5435 1904 5495 Abelmeho·
1971 5431 1978 5442 ’

230 5525 299 5609 ὅρος
333 5529 450 5609 quidem
481 5527 648 5609 Καρμήλιον
681 5540 903 5605 commemorat,
937 5529 1044 5590 vallem
1086 5531 1153 5602 lam,
1175 5552 1213 5590 an
1235 5533 1391 5592 neutram?
1411 5533 1514 5592 Belma
1535 5543 1578 5592 est
1592 5554 1694 5594 recens
1708 5534 1903 5595 KhirbetBe·

230 5652 289 5690 non
317 5637 531 5689 commemorat.
556 5663 596 5673 -
624 5631 771 5690 Planicies
799 5640 842 5691 est
864 5631 1043 5691 el·Bsttauf.
1086 5630 1189 5700 lameh,
1209 5631 1301 5692 Beled
1324 5631 1447 5692 Scheich
1462 5631 1591 5704 Mansdr,
1611 5653 1688 5712 quae
1709 5654 1728 5692 a
1746 5633 1904 5695 Dschentn
