<?xml version="1.0" encoding="UTF-8"?>
<!DOCTYPE html PUBLIC "-//W3C//DTD XHTML 1.0 Transitional//EN"
    "http://www.w3.org/TR/xhtml1/DTD/xhtml1-transitional.dtd">
<html xmlns="http://www.w3.org/1999/xhtml" xml:lang="en" lang="en">
 <head>
  <title>
</title>
<meta http-equiv="Content-Type" content="text/html;charset=utf-8" />
  <meta name='ocr-system' content='tesseract 3.04.00' />
  <meta name='ocr-capabilities' content='ocr_page ocr_carea ocr_par ocr_line ocrx_word'/>
</head>
<body>
  <div class='ocr_page' id='page_1' title='image "./peregrinatoresm00peregoog_0262.png"; bbox 0 0 4214 6096; ppageno 0'>
   <div class='ocr_carea' id='block_1_1' title="bbox 1039 660 1258 720">
    <p class='ocr_par' dir='ltr' id='par_1_1' title="bbox 1039 660 1258 720">
     <span class='ocr_line' id='line_1_1' title="bbox 1039 660 1258 720; baseline 0.005 -16"><span class='ocrx_word' id='word_1_1' title='bbox 1039 660 1258 720; x_wconf 68' lang='grc'>,44-</span> 
     </span>
    </p>
   </div>
   <div class='ocr_carea' id='block_1_2' title="bbox 284 843 1934 1434">
    <p class='ocr_par' dir='ltr' id='par_1_2' title="bbox 284 843 1934 1434">
     <span class='ocr_line' id='line_1_2' title="bbox 286 843 1934 934; baseline 0.002 -23"><span class='ocrx_word' id='word_1_2' title='bbox 286 854 334 916; x_wconf 80' lang='lat' dir='ltr'>lt.</span> <span class='ocrx_word' id='word_1_3' title='bbox 368 870 452 916; x_wconf 91' lang='lat' dir='ltr'>uoce</span> <span class='ocrx_word' id='word_1_4' title='bbox 476 850 620 929; x_wconf 82' lang='lat' dir='ltr'>edocuit,</span> <span class='ocrx_word' id='word_1_5' title='bbox 646 858 679 914; x_wconf 86' lang='lat' dir='ltr'>et</span> <span class='ocrx_word' id='word_1_6' title='bbox 701 867 760 934; x_wconf 83' lang='lat' dir='ltr'>per</span> <span class='ocrx_word' id='word_1_7' title='bbox 782 867 900 913; x_wconf 89' lang='lat' dir='ltr'>manus</span> <span class='ocrx_word' id='word_1_8' title='bbox 925 857 1116 913; x_wconf 86' lang='lat' dir='ltr'>sanctorum</span> <span class='ocrx_word' id='word_1_9' title='bbox 1140 846 1332 933; x_wconf 85' lang='lat' dir='ltr'>angelorum</span> <span class='ocrx_word' id='word_1_10' title='bbox 1357 843 1437 911; x_wconf 88' lang='lat' dir='ltr'>illuc</span> <span class='ocrx_word' id='word_1_11' title='bbox 1455 844 1608 911; x_wconf 87' lang='lat' dir='ltr'>locutum.</span> <span class='ocrx_word' id='word_1_12' title='bbox 1642 845 1696 910; x_wconf 84' lang='lat' dir='ltr'>Ad</span> <span class='ocrx_word' id='word_1_13' title='bbox 1714 846 1810 912; x_wconf 82' lang='lat' dir='ltr'>cuins</span> <span class='ocrx_word' id='word_1_14' title='bbox 1830 849 1934 914; x_wconf 88' lang='lat' dir='ltr'>eciam</span> 
     </span>
     <span class='ocr_line' id='line_1_3' title="bbox 367 971 1933 1061; baseline -0.001 -21"><span class='ocrx_word' id='word_1_15' title='bbox 367 975 617 1061; x_wconf 82' lang='lat' dir='ltr'>persuasionem</span> <span class='ocrx_word' id='word_1_16' title='bbox 640 974 702 1038; x_wconf 90' lang='lat' dir='ltr'>uiri</span> <span class='ocrx_word' id='word_1_17' title='bbox 725 971 933 1039; x_wconf 85' lang='lat' dir='ltr'>uenerabiles</span> <span class='ocrx_word' id='word_1_18' title='bbox 957 981 991 1037; x_wconf 88' lang='lat' dir='ltr'>et</span> <span class='ocrx_word' id='word_1_19' title='bbox 1013 973 1146 1055; x_wconf 88' lang='lat' dir='ltr'>deuoti,</span> <span class='ocrx_word' id='word_1_20' title='bbox 1170 973 1353 1058; x_wconf 86' lang='lat' dir='ltr'>episcopus</span> <span class='ocrx_word' id='word_1_21' title='bbox 1377 983 1409 1037; x_wconf 92' lang='lat' dir='ltr'>et</span> <span class='ocrx_word' id='word_1_22' title='bbox 1432 972 1506 1037; x_wconf 88' lang='lat' dir='ltr'>eius</span> <span class='ocrx_word' id='word_1_23' title='bbox 1529 971 1697 1052; x_wconf 81' lang='lat' dir='ltr'>monachi,</span> <span class='ocrx_word' id='word_1_24' title='bbox 1722 972 1785 1037; x_wconf 89' lang='lat' dir='ltr'>iam</span> <span class='ocrx_word' id='word_1_25' title='bbox 1809 972 1933 1039; x_wconf 90' lang='lat' dir='ltr'>dictum</span> 
     </span>
     <span class='ocr_line' id='line_1_4' title="bbox 367 1095 1932 1186; baseline 0.001 -21"><span class='ocrx_word' id='word_1_26' title='bbox 367 1121 488 1186; x_wconf 86' lang='lat' dir='ltr'>corpus</span> <span class='ocrx_word' id='word_1_27' title='bbox 512 1101 547 1164; x_wconf 95' lang='lat' dir='ltr'>in</span> <span class='ocrx_word' id='word_1_28' title='bbox 571 1119 664 1164; x_wconf 87' lang='lat' dir='ltr'>suam</span> <span class='ocrx_word' id='word_1_29' title='bbox 688 1097 923 1164; x_wconf 89' lang='lat' dir='ltr'>transtulerunt</span> <span class='ocrx_word' id='word_1_30' title='bbox 946 1097 1138 1179; x_wconf 85' lang='lat' dir='ltr'>ecclesiam,</span> <span class='ocrx_word' id='word_1_31' title='bbox 1168 1100 1245 1185; x_wconf 87' lang='lat' dir='ltr'>quio</span> <span class='ocrx_word' id='word_1_32' title='bbox 1269 1096 1381 1179; x_wconf 87' lang='lat' dir='ltr'>locus,</span> <span class='ocrx_word' id='word_1_33' title='bbox 1412 1099 1445 1161; x_wconf 93' lang='lat' dir='ltr'>in</span> <span class='ocrx_word' id='word_1_34' title='bbox 1469 1117 1568 1184; x_wconf 88' lang='lat' dir='ltr'>quem</span> <span class='ocrx_word' id='word_1_35' title='bbox 1591 1095 1633 1162; x_wconf 85' lang='lat' dir='ltr'>ab</span> <span class='ocrx_word' id='word_1_36' title='bbox 1656 1096 1787 1183; x_wconf 84' lang='lat' dir='ltr'>augelis</span> <span class='ocrx_word' id='word_1_37' title='bbox 1810 1119 1932 1185; x_wconf 91' lang='lat' dir='ltr'>corpus</span> 
     </span>
     <span class='ocr_line' id='line_1_5' title="bbox 365 1221 1931 1312; baseline -0.002 -21"><span class='ocrx_word' id='word_1_38' title='bbox 365 1227 512 1312; x_wconf 88' lang='lat' dir='ltr'>positum</span> <span class='ocrx_word' id='word_1_39' title='bbox 537 1223 653 1305; x_wconf 85' lang='lat' dir='ltr'>fuerat,</span> <span class='ocrx_word' id='word_1_40' title='bbox 678 1233 747 1289; x_wconf 86' lang='lat' dir='ltr'>erat</span> <span class='ocrx_word' id='word_1_41' title='bbox 771 1225 866 1311; x_wconf 88' lang='lat' dir='ltr'>quusi</span> <span class='ocrx_word' id='word_1_42' title='bbox 886 1223 1129 1289; x_wconf 87' lang='lat' dir='ltr'>inaccessibilis</span> <span class='ocrx_word' id='word_1_43' title='bbox 1154 1234 1186 1288; x_wconf 88' lang='lat' dir='ltr'>et</span> <span class='ocrx_word' id='word_1_44' title='bbox 1212 1234 1346 1309; x_wconf 86' lang='lat' dir='ltr'>propter</span> <span class='ocrx_word' id='word_1_45' title='bbox 1362 1244 1450 1311; x_wconf 84' lang='lat' dir='ltr'>aque</span> <span class='ocrx_word' id='word_1_46' title='bbox 1467 1221 1679 1290; x_wconf 78' lang='lat' dir='ltr'>caristiam⁵¹²</span> <span class='ocrx_word' id='word_1_47' title='bbox 1695 1221 1931 1290; x_wconf 80' lang='lat' dir='ltr'>inhabitabilis.</span> 
     </span>
     <span class='ocr_line' id='line_1_6' title="bbox 284 1346 1673 1434; baseline 0 -23"><span class='ocrx_word' id='word_1_48' title='bbox 284 1353 332 1416; x_wconf 84' lang='lat'>15.</span> <span class='ocrx_word' id='word_1_49' title='bbox 365 1350 428 1415; x_wconf 87' lang='lat' dir='ltr'>Est</span> <span class='ocrx_word' id='word_1_50' title='bbox 450 1362 559 1415; x_wconf 91' lang='lat' dir='ltr'>autem</span> <span class='ocrx_word' id='word_1_51' title='bbox 584 1358 736 1415; x_wconf 87' lang='lat' dir='ltr'>sanctum</span> <span class='ocrx_word' id='word_1_52' title='bbox 761 1368 881 1434; x_wconf 86' lang='lat' dir='ltr'>corpus</span> <span class='ocrx_word' id='word_1_53' title='bbox 905 1348 1050 1414; x_wconf 87' lang='lat' dir='ltr'>locatum</span> <span class='ocrx_word' id='word_1_54' title='bbox 1073 1368 1173 1432; x_wconf 89' lang='lat' dir='ltr'>super</span> <span class='ocrx_word' id='word_1_55' title='bbox 1196 1346 1330 1413; x_wconf 89' lang='lat' dir='ltr'>chorum</span> <span class='ocrx_word' id='word_1_56' title='bbox 1354 1367 1472 1414; x_wconf 86' lang='lat' dir='ltr'>uersus</span> <span class='ocrx_word' id='word_1_57' title='bbox 1495 1348 1673 1432; x_wconf 75' lang='lat' dir='ltr'>meridiem.</span> 
     </span>
    </p>
   </div>
   <div class='ocr_carea' id='block_1_3' title="bbox 191 1468 1932 3193">
    <p class='ocr_par' dir='ltr' id='par_1_3' title="bbox 191 1468 1932 3083">
     <span class='ocr_line' id='line_1_7' title="bbox 194 1468 1931 1577; baseline 0.003 -26"><span class='ocrx_word' id='word_1_58' title='bbox 194 1491 243 1552; x_wconf 90' lang='grc'>16.</span> <span class='ocrx_word' id='word_1_59' title='bbox 284 1492 333 1554; x_wconf 88' lang='grc'>17.</span> <span class='ocrx_word' id='word_1_60' title='bbox 501 1492 629 1558; x_wconf 83' lang='lat' dir='ltr'>Tumba</span> <span class='ocrx_word' id='word_1_61' title='bbox 648 1490 780 1577; x_wconf 91' lang='lat' dir='ltr'>quidem</span> <span class='ocrx_word' id='word_1_62' title='bbox 804 1490 914 1557; x_wconf 85' lang='lat' dir='ltr'>breuis</span> <span class='ocrx_word' id='word_1_63' title='bbox 938 1468 1001 1570; x_wconf 78' lang='lat' dir='ltr'>est,</span> <span class='ocrx_word' id='word_1_64' title='bbox 1026 1491 1104 1576; x_wconf 89' lang='lat' dir='ltr'>quia</span> <span class='ocrx_word' id='word_1_65' title='bbox 1128 1492 1238 1576; x_wconf 86' lang='lat' dir='ltr'>ipsum</span> <span class='ocrx_word' id='word_1_66' title='bbox 1261 1511 1383 1575; x_wconf 91' lang='lat' dir='ltr'>corpus</span> <span class='ocrx_word' id='word_1_67' title='bbox 1407 1491 1584 1556; x_wconf 82' lang='lat' dir='ltr'><strong>admodum</strong></span> <span class='ocrx_word' id='word_1_68' title='bbox 1606 1511 1744 1575; x_wconf 87' lang='lat' dir='ltr'>paruum</span> <span class='ocrx_word' id='word_1_69' title='bbox 1768 1504 1830 1558; x_wconf 88' lang='lat' dir='ltr'>est.</span> <span class='ocrx_word' id='word_1_70' title='bbox 1867 1490 1931 1556; x_wconf 88' lang='lat' dir='ltr'>Ubi</span> 
     </span>
     <span class='ocr_line' id='line_1_8' title="bbox 367 1616 1931 1704; baseline -0.001 -21"><span class='ocrx_word' id='word_1_71' title='bbox 367 1639 424 1702; x_wconf 89' lang='lat' dir='ltr'>per</span> <span class='ocrx_word' id='word_1_72' title='bbox 447 1618 511 1684; x_wconf 93' lang='lat' dir='ltr'>Dei</span> <span class='ocrx_word' id='word_1_73' title='bbox 534 1617 679 1704; x_wconf 80' lang='lat' dir='ltr'><strong>graciam</strong></span> <span class='ocrx_word' id='word_1_74' title='bbox 702 1627 735 1682; x_wconf 90' lang='lat' dir='ltr'>et</span> <span class='ocrx_word' id='word_1_75' title='bbox 758 1617 872 1682; x_wconf 89' lang='lat' dir='ltr'>merita</span> <span class='ocrx_word' id='word_1_76' title='bbox 895 1627 1012 1682; x_wconf 87' lang='lat' dir='ltr'>sancte</span> <span class='ocrx_word' id='word_1_77' title='bbox 1035 1616 1192 1682; x_wconf 80' lang='lat' dir='ltr'>Katerine</span> <span class='ocrx_word' id='word_1_78' title='bbox 1219 1637 1339 1703; x_wconf 84' lang='lat' dir='ltr'>magne</span> <span class='ocrx_word' id='word_1_79' title='bbox 1370 1628 1404 1682; x_wconf 89' lang='lat' dir='ltr'>et</span> <span class='ocrx_word' id='word_1_80' title='bbox 1426 1618 1594 1683; x_wconf 87' lang='lat' dir='ltr'>innumera</span> <span class='ocrx_word' id='word_1_81' title='bbox 1619 1620 1814 1704; x_wconf 85' lang='lat' dir='ltr'>contingunt</span> <span class='ocrx_word' id='word_1_82' title='bbox 1836 1620 1931 1683; x_wconf 90' lang='lat' dir='ltr'>mira·</span> 
     </span>
     <span class='ocr_line' id='line_1_9' title="bbox 285 1740 1932 1831; baseline 0.004 -27"><span class='ocrx_word' id='word_1_83' title='bbox 285 1745 334 1807; x_wconf 87' lang='lat'>18.</span> <span class='ocrx_word' id='word_1_84' title='bbox 368 1742 453 1809; x_wconf 92' lang='lat' dir='ltr'>cula.</span> <span class='ocrx_word' id='word_1_85' title='bbox 491 1743 585 1810; x_wconf 77' lang='lat' dir='ltr'>&#39;l&#39;unc</span> <span class='ocrx_word' id='word_1_86' title='bbox 605 1753 715 1808; x_wconf 91' lang='lat' dir='ltr'>autem</span> <span class='ocrx_word' id='word_1_87' title='bbox 732 1742 767 1807; x_wconf 87' lang='lat' dir='ltr'>in</span> <span class='ocrx_word' id='word_1_88' title='bbox 791 1740 1028 1824; x_wconf 64' lang='lat' dir='ltr'>continentius,</span> <span class='ocrx_word' id='word_1_89' title='bbox 1054 1763 1128 1808; x_wconf 88' lang='lat' dir='ltr'>cunr</span> <span class='ocrx_word' id='word_1_90' title='bbox 1151 1763 1215 1828; x_wconf 86' lang='lat' dir='ltr'>ego</span> <span class='ocrx_word' id='word_1_91' title='bbox 1239 1764 1351 1809; x_wconf 87' lang='lat' dir='ltr'>essem</span> <span class='ocrx_word' id='word_1_92' title='bbox 1373 1744 1431 1825; x_wconf 88' lang='lat' dir='ltr'>ibi,</span> <span class='ocrx_word' id='word_1_93' title='bbox 1455 1746 1596 1830; x_wconf 88' lang='lat' dir='ltr'>contigit</span> <span class='ocrx_word' id='word_1_94' title='bbox 1618 1745 1690 1811; x_wconf 88' lang='lat' dir='ltr'>illic</span> <span class='ocrx_word' id='word_1_95' title='bbox 1712 1745 1777 1811; x_wconf 89' lang='lat' dir='ltr'>hoc</span> <span class='ocrx_word' id='word_1_96' title='bbox 1799 1748 1932 1831; x_wconf 80' lang='lat' dir='ltr'>insigne</span> 
     </span>
     <span class='ocr_line' id='line_1_10' title="bbox 284 1866 1931 1956; baseline 0.007 -29"><span class='ocrx_word' id='word_1_97' title='bbox 284 1867 333 1929; x_wconf 83' lang='lat'>19.</span> <span class='ocrx_word' id='word_1_98' title='bbox 366 1870 566 1936; x_wconf 81' lang='lat' dir='ltr'>miraculum.</span> <span class='ocrx_word' id='word_1_99' title='bbox 615 1868 757 1954; x_wconf 83' lang='lat' dir='ltr'>Quidam</span> <span class='ocrx_word' id='word_1_100' title='bbox 780 1866 963 1934; x_wconf 90' lang='lat' dir='ltr'>monachus</span> <span class='ocrx_word' id='word_1_101' title='bbox 987 1867 1078 1934; x_wconf 87' lang='lat' dir='ltr'>illius</span> <span class='ocrx_word' id='word_1_102' title='bbox 1108 1867 1261 1950; x_wconf 83' lang='lat' dir='ltr'>claustri,</span> <span class='ocrx_word' id='word_1_103' title='bbox 1292 1871 1333 1935; x_wconf 92' lang='lat' dir='ltr'>ad</span> <span class='ocrx_word' id='word_1_104' title='bbox 1363 1892 1450 1956; x_wconf 90' lang='lat' dir='ltr'>opus</span> <span class='ocrx_word' id='word_1_105' title='bbox 1464 1870 1502 1910; x_wconf 74' lang='lat'>⁵¹⁴</span> <span class='ocrx_word' id='word_1_106' title='bbox 1526 1883 1712 1937; x_wconf 87' lang='lat' dir='ltr'>conuentus</span> <span class='ocrx_word' id='word_1_107' title='bbox 1736 1874 1770 1937; x_wconf 96' lang='lat' dir='ltr'>in</span> <span class='ocrx_word' id='word_1_108' title='bbox 1793 1872 1931 1939; x_wconf 87' lang='lat' dir='ltr'>camelis</span> 
     </span>
     <span class='ocr_line' id='line_1_11' title="bbox 366 1993 1931 2081; baseline 0.001 -20"><span class='ocrx_word' id='word_1_109' title='bbox 366 1995 534 2061; x_wconf 84' lang='lat' dir='ltr'>adducens</span> <span class='ocrx_word' id='word_1_110' title='bbox 558 1994 680 2075; x_wconf 88' lang='lat' dir='ltr'>oleum,</span> <span class='ocrx_word' id='word_1_111' title='bbox 703 1993 786 2061; x_wconf 81' lang='lat' dir='ltr'>fecit</span> <span class='ocrx_word' id='word_1_112' title='bbox 808 1996 870 2059; x_wconf 89' lang='lat' dir='ltr'>iter</span> <span class='ocrx_word' id='word_1_113' title='bbox 892 2015 951 2079; x_wconf 86' lang='lat' dir='ltr'>per</span> <span class='ocrx_word' id='word_1_114' title='bbox 974 1994 1152 2076; x_wconf 89' lang='lat' dir='ltr'>desertum,</span> <span class='ocrx_word' id='word_1_115' title='bbox 1181 2005 1214 2061; x_wconf 89' lang='lat' dir='ltr'>et</span> <span class='ocrx_word' id='word_1_116' title='bbox 1236 1995 1353 2060; x_wconf 86' lang='lat' dir='ltr'>incidit</span> <span class='ocrx_word' id='word_1_117' title='bbox 1376 1997 1408 2061; x_wconf 87' lang='lat' dir='ltr'>in</span> <span class='ocrx_word' id='word_1_118' title='bbox 1432 1995 1589 2076; x_wconf 87' lang='lat' dir='ltr'>latrones,</span> <span class='ocrx_word' id='word_1_119' title='bbox 1619 1999 1674 2081; x_wconf 83' lang='lat' dir='ltr'>qui</span> <span class='ocrx_word' id='word_1_120' title='bbox 1698 2018 1799 2063; x_wconf 90' lang='lat' dir='ltr'>unum</span> <span class='ocrx_word' id='word_1_121' title='bbox 1823 2018 1931 2063; x_wconf 87' lang='lat' dir='ltr'>came·</span> 
     </span>
     <span class='ocr_line' id='line_1_12' title="bbox 281 2116 1931 2211; baseline 0.004 -28"><span class='ocrx_word' id='word_1_122' title='bbox 281 2116 331 2177; x_wconf 73' lang='lat'>2⁰·</span> <span class='ocrx_word' id='word_1_123' title='bbox 364 2119 469 2186; x_wconf 90' lang='lat' dir='ltr'>lorum</span> <span class='ocrx_word' id='word_1_124' title='bbox 493 2142 567 2186; x_wconf 90' lang='lat' dir='ltr'>cum</span> <span class='ocrx_word' id='word_1_125' title='bbox 590 2122 719 2206; x_wconf 82' lang='lat' dir='ltr'>integra</span> <span class='ocrx_word' id='word_1_126' title='bbox 747 2122 879 2186; x_wconf 89' lang='lat' dir='ltr'>sarcina</span> <span class='ocrx_word' id='word_1_127' title='bbox 907 2121 1077 2205; x_wconf 87' lang='lat' dir='ltr'>depredati</span> <span class='ocrx_word' id='word_1_128' title='bbox 1108 2131 1194 2186; x_wconf 87' lang='lat' dir='ltr'>suut.</span> <span class='ocrx_word' id='word_1_129' title='bbox 1242 2120 1325 2186; x_wconf 86' lang='lat' dir='ltr'>Cum</span> <span class='ocrx_word' id='word_1_130' title='bbox 1349 2133 1501 2188; x_wconf 87' lang='lat' dir='ltr'>autema</span> <span class='ocrx_word' id='word_1_131' title='bbox 1525 2122 1689 2188; x_wconf 85' lang='lat' dir='ltr'>monacho</span> <span class='ocrx_word' id='word_1_132' title='bbox 1713 2144 1773 2207; x_wconf 88' lang='lat' dir='ltr'>per</span> <span class='ocrx_word' id='word_1_133' title='bbox 1794 2124 1931 2211; x_wconf 80' lang='lat' dir='ltr'>aliquod</span> 
     </span>
     <span class='ocr_line' id='line_1_13' title="bbox 364 2244 1930 2333; baseline 0.003 -23"><span class='ocrx_word' id='word_1_134' title='bbox 364 2246 516 2330; x_wconf 87' lang='lat' dir='ltr'>spacium</span> <span class='ocrx_word' id='word_1_135' title='bbox 535 2268 609 2312; x_wconf 92' lang='lat' dir='ltr'>curn</span> <span class='ocrx_word' id='word_1_136' title='bbox 631 2245 757 2312; x_wconf 88' lang='lat' dir='ltr'>camelo</span> <span class='ocrx_word' id='word_1_137' title='bbox 777 2245 925 2333; x_wconf 86' lang='lat' dir='ltr'>elongati</span> <span class='ocrx_word' id='word_1_138' title='bbox 933 2244 971 2284; x_wconf 76' lang='lat'>⁵¹⁵</span> <span class='ocrx_word' id='word_1_139' title='bbox 993 2257 1119 2327; x_wconf 86' lang='lat' dir='ltr'>essent,</span> <span class='ocrx_word' id='word_1_140' title='bbox 1144 2245 1316 2312; x_wconf 89' lang='lat' dir='ltr'>soluerunt</span> <span class='ocrx_word' id='word_1_141' title='bbox 1339 2258 1454 2328; x_wconf 89' lang='lat' dir='ltr'>utrem,</span> <span class='ocrx_word' id='word_1_142' title='bbox 1478 2258 1514 2313; x_wconf 92' lang='lat' dir='ltr'>ut</span> <span class='ocrx_word' id='word_1_143' title='bbox 1538 2258 1662 2332; x_wconf 88' lang='lat' dir='ltr'>partem</span> <span class='ocrx_word' id='word_1_144' title='bbox 1687 2246 1753 2313; x_wconf 91' lang='lat' dir='ltr'>olei</span> <span class='ocrx_word' id='word_1_145' title='bbox 1777 2249 1819 2312; x_wconf 91' lang='lat' dir='ltr'>ad</span> <span class='ocrx_word' id='word_1_146' title='bbox 1844 2269 1930 2333; x_wconf 91' lang='lat' dir='ltr'>opus</span> 
     </span>
     <span class='ocr_line' id='line_1_14' title="bbox 191 2369 1930 2460; baseline 0.006 -31"><span class='ocrx_word' id='word_1_147' title='bbox 191 2369 243 2431; x_wconf 79' lang='lat'>21.</span> <span class='ocrx_word' id='word_1_148' title='bbox 280 2370 331 2433; x_wconf 77' lang='lat'>22.</span> <span class='ocrx_word' id='word_1_149' title='bbox 365 2371 561 2437; x_wconf 86' lang='lat' dir='ltr'>comedendi</span> <span class='ocrx_word' id='word_1_150' title='bbox 590 2373 789 2457; x_wconf 86' lang='lat' dir='ltr'>acciperent.</span> <span class='ocrx_word' id='word_1_151' title='bbox 835 2371 877 2436; x_wconf 91' lang='lat' dir='ltr'>Et</span> <span class='ocrx_word' id='word_1_152' title='bbox 908 2372 1003 2436; x_wconf 83' lang='lat' dir='ltr'>ecce!</span> <span class='ocrx_word' id='word_1_153' title='bbox 1040 2374 1179 2457; x_wconf 86' lang='lat' dir='ltr'>sanguis</span> <span class='ocrx_word' id='word_1_154' title='bbox 1207 2373 1406 2457; x_wconf 85' lang='lat' dir='ltr'>purissimus</span> <span class='ocrx_word' id='word_1_155' title='bbox 1434 2394 1494 2458; x_wconf 93' lang='lat' dir='ltr'>pro</span> <span class='ocrx_word' id='word_1_156' title='bbox 1525 2372 1601 2438; x_wconf 92' lang='lat' dir='ltr'>oleo</span> <span class='ocrx_word' id='word_1_157' title='bbox 1630 2376 1804 2439; x_wconf 87' lang='lat' dir='ltr'>emanauit.</span> <span class='ocrx_word' id='word_1_158' title='bbox 1853 2372 1930 2460; x_wconf 83' lang='lat' dir='ltr'>Quo</span> 
     </span>
     <span class='ocr_line' id='line_1_15' title="bbox 366 2495 1930 2584; baseline -0.001 -21"><span class='ocrx_word' id='word_1_159' title='bbox 366 2508 550 2584; x_wconf 87' lang='lat' dir='ltr'>conspecto</span> <span class='ocrx_word' id='word_1_160' title='bbox 573 2496 739 2581; x_wconf 80' lang='lat' dir='ltr'>predones</span> <span class='ocrx_word' id='word_1_161' title='bbox 762 2507 866 2562; x_wconf 90' lang='lat' dir='ltr'>utrem</span> <span class='ocrx_word' id='word_1_162' title='bbox 883 2496 1062 2583; x_wconf 87' lang='lat' dir='ltr'>religantes</span> <span class='ocrx_word' id='word_1_163' title='bbox 1079 2498 1212 2581; x_wconf 89' lang='lat' dir='ltr'>predam</span> <span class='ocrx_word' id='word_1_164' title='bbox 1231 2508 1265 2562; x_wconf 91' lang='lat' dir='ltr'>et</span> <span class='ocrx_word' id='word_1_165' title='bbox 1282 2497 1443 2563; x_wconf 89' lang='lat' dir='ltr'>camelum</span> <span class='ocrx_word' id='word_1_166' title='bbox 1462 2497 1658 2563; x_wconf 77' lang='lat' dir='ltr'>festinanter</span> <span class='ocrx_word' id='word_1_167' title='bbox 1672 2498 1715 2563; x_wconf 85' lang='lat' dir='ltr'>ad</span> <span class='ocrx_word' id='word_1_168' title='bbox 1733 2495 1930 2562; x_wconf 87' lang='lat' dir='ltr'>monachum</span> 
     </span>
     <span class='ocr_line' id='line_1_16' title="bbox 281 2621 1929 2710; baseline 0.001 -24"><span class='ocrx_word' id='word_1_169' title='bbox 281 2626 333 2689; x_wconf 78' lang='lat'>23.</span> <span class='ocrx_word' id='word_1_170' title='bbox 366 2625 576 2704; x_wconf 86' lang='lat' dir='ltr'>reduxerunt,</span> <span class='ocrx_word' id='word_1_171' title='bbox 600 2632 767 2708; x_wconf 82' lang='lat' dir='ltr'>rogantes,</span> <span class='ocrx_word' id='word_1_172' title='bbox 791 2634 828 2688; x_wconf 89' lang='lat' dir='ltr'>ut</span> <span class='ocrx_word' id='word_1_173' title='bbox 850 2624 936 2709; x_wconf 88' lang='lat' dir='ltr'>ipsis</span> <span class='ocrx_word' id='word_1_174' title='bbox 959 2624 1049 2688; x_wconf 91' lang='lat' dir='ltr'>daret</span> <span class='ocrx_word' id='word_1_175' title='bbox 1072 2621 1139 2688; x_wconf 91' lang='lat' dir='ltr'>olei</span> <span class='ocrx_word' id='word_1_176' title='bbox 1163 2621 1307 2710; x_wconf 88' lang='lat' dir='ltr'>aliquam</span> <span class='ocrx_word' id='word_1_177' title='bbox 1331 2624 1523 2708; x_wconf 86' lang='lat' dir='ltr'>portionem.</span> <span class='ocrx_word' id='word_1_178' title='bbox 1570 2623 1754 2690; x_wconf 85' lang='lat' dir='ltr'>Monachus</span> <span class='ocrx_word' id='word_1_179' title='bbox 1778 2643 1929 2690; x_wconf 84' lang='lat' dir='ltr'>annuens</span> 
     </span>
     <span class='ocr_line' id='line_1_17' title="bbox 365 2746 1929 2833; baseline -0.002 -18"><span class='ocrx_word' id='word_1_180' title='bbox 365 2748 466 2815; x_wconf 87' lang='lat' dir='ltr'>soluit</span> <span class='ocrx_word' id='word_1_181' title='bbox 488 2760 604 2829; x_wconf 89' lang='lat' dir='ltr'>utrem,</span> <span class='ocrx_word' id='word_1_182' title='bbox 628 2768 726 2832; x_wconf 88' lang='lat' dir='ltr'>quem</span> <span class='ocrx_word' id='word_1_183' title='bbox 749 2746 856 2812; x_wconf 86' lang='lat' dir='ltr'>atilli</span> <span class='ocrx_word' id='word_1_184' title='bbox 880 2747 1061 2830; x_wconf 86' lang='lat' dir='ltr'>sciuerunt,</span> <span class='ocrx_word' id='word_1_185' title='bbox 1084 2748 1128 2813; x_wconf 89' lang='lat' dir='ltr'>de</span> <span class='ocrx_word' id='word_1_186' title='bbox 1150 2767 1216 2833; x_wconf 89' lang='lat' dir='ltr'>quo</span> <span class='ocrx_word' id='word_1_187' title='bbox 1241 2749 1436 2833; x_wconf 80' lang='lat' dir='ltr'>sanguinem</span> <span class='ocrx_word' id='word_1_188' title='bbox 1459 2760 1536 2815; x_wconf 86' lang='lat' dir='ltr'>unte</span> <span class='ocrx_word' id='word_1_189' title='bbox 1560 2747 1753 2830; x_wconf 83' lang='lat' dir='ltr'>effuderant,</span> <span class='ocrx_word' id='word_1_190' title='bbox 1777 2761 1809 2814; x_wconf 90' lang='lat' dir='ltr'>et</span> <span class='ocrx_word' id='word_1_191' title='bbox 1833 2750 1929 2814; x_wconf 88' lang='lat' dir='ltr'>ecce!</span> 
     </span>
     <span class='ocr_line' id='line_1_18' title="bbox 367 2870 1931 2959; baseline -0.001 -20"><span class='ocrx_word' id='word_1_192' title='bbox 367 2873 478 2939; x_wconf 86' lang='lat' dir='ltr'>oleum</span> <span class='ocrx_word' id='word_1_193' title='bbox 505 2875 715 2941; x_wconf 89' lang='lat' dir='ltr'>uerissimum</span> <span class='ocrx_word' id='word_1_194' title='bbox 745 2886 779 2939; x_wconf 89' lang='lat' dir='ltr'>et</span> <span class='ocrx_word' id='word_1_195' title='bbox 807 2876 1018 2959; x_wconf 89' lang='lat' dir='ltr'>purissimum</span> <span class='ocrx_word' id='word_1_196' title='bbox 1046 2894 1106 2957; x_wconf 89' lang='lat' dir='ltr'>per</span> <span class='ocrx_word' id='word_1_197' title='bbox 1133 2893 1251 2939; x_wconf 85' lang='lat' dir='ltr'>manus</span> <span class='ocrx_word' id='word_1_198' title='bbox 1274 2872 1427 2938; x_wconf 87' lang='lat' dir='ltr'>monachi</span> <span class='ocrx_word' id='word_1_199' title='bbox 1457 2870 1583 2938; x_wconf 74' lang='lat' dir='ltr'>uice⁵¹⁸</span> <span class='ocrx_word' id='word_1_200' title='bbox 1611 2874 1803 2959; x_wconf 80' lang='lat' dir='ltr'>sanguinis,</span> <span class='ocrx_word' id='word_1_201' title='bbox 1833 2892 1931 2958; x_wconf 90' lang='lat' dir='ltr'>quem</span> 
     </span>
     <span class='ocr_line' id='line_1_19' title="bbox 367 2998 1932 3083; baseline -0.001 -20"><span class='ocrx_word' id='word_1_202' title='bbox 367 3008 464 3063; x_wconf 86' lang='lat' dir='ltr'>antea</span> <span class='ocrx_word' id='word_1_203' title='bbox 487 3001 648 3066; x_wconf 84' lang='lat' dir='ltr'>ueraciter</span> <span class='ocrx_word' id='word_1_204' title='bbox 672 3000 714 3065; x_wconf 89' lang='lat' dir='ltr'>de</span> <span class='ocrx_word' id='word_1_205' title='bbox 737 2999 854 3066; x_wconf 86' lang='lat' dir='ltr'>eodem</span> <span class='ocrx_word' id='word_1_206' title='bbox 877 3011 949 3065; x_wconf 89' lang='lat' dir='ltr'>utre</span> <span class='ocrx_word' id='word_1_207' title='bbox 971 2999 1164 3079; x_wconf 87' lang='lat' dir='ltr'>emiserant,</span> <span class='ocrx_word' id='word_1_208' title='bbox 1188 3009 1402 3083; x_wconf 85' lang='lat' dir='ltr'>acceperunt,</span> <span class='ocrx_word' id='word_1_209' title='bbox 1427 3010 1460 3062; x_wconf 90' lang='lat' dir='ltr'>et</span> <span class='ocrx_word' id='word_1_210' title='bbox 1483 2998 1548 3082; x_wconf 91' lang='lat' dir='ltr'>ipsi</span> <span class='ocrx_word' id='word_1_211' title='bbox 1571 2999 1696 3083; x_wconf 82' lang='lat' dir='ltr'>stupidi</span> <span class='ocrx_word' id='word_1_212' title='bbox 1720 3009 1932 3065; x_wconf 82' lang='lat' dir='ltr'>recesserunt</span> 
     </span>
    </p>

    <p class='ocr_par' dir='ltr' id='par_1_4' title="bbox 367 3124 568 3193">
     <span class='ocr_line' id='line_1_20' title="bbox 367 3124 568 3193; baseline 0.015 -7"><span class='ocrx_word' id='word_1_213' title='bbox 367 3135 400 3187; x_wconf 92' lang='lat' dir='ltr'>et</span> <span class='ocrx_word' id='word_1_214' title='bbox 425 3124 568 3193; x_wconf 83' lang='lat' dir='ltr'>confusi.</span> 
     </span>
    </p>
   </div>
   <div class='ocr_carea' id='block_1_4' title="bbox 368 3264 1931 3481">
    <p class='ocr_par' dir='ltr' id='par_1_5' title="bbox 368 3264 1931 3481">
     <span class='ocr_line' id='line_1_21' title="bbox 501 3264 1931 3355; baseline -0.004 -19"><span class='ocrx_word' id='word_1_215' title='bbox 501 3265 605 3337; x_wconf 78' lang='lat' dir='ltr'>XX.</span> <span class='ocrx_word' id='word_1_216' title='bbox 651 3268 793 3354; x_wconf 84' lang='lat' dir='ltr'>Quidam</span> <span class='ocrx_word' id='word_1_217' title='bbox 827 3268 951 3337; x_wconf 83' lang='lat' dir='ltr'>nobilis</span> <span class='ocrx_word' id='word_1_218' title='bbox 987 3269 1028 3335; x_wconf 91' lang='lat' dir='ltr'>de</span> <span class='ocrx_word' id='word_1_219' title='bbox 1058 3269 1155 3334; x_wconf 85' lang='lat' dir='ltr'>Petra</span> <span class='ocrx_word' id='word_1_220' title='bbox 1183 3267 1241 3334; x_wconf 90' lang='lat' dir='ltr'>uel</span> <span class='ocrx_word' id='word_1_221' title='bbox 1270 3266 1440 3349; x_wconf 85' lang='lat' dir='ltr'>Soubach,</span> <span class='ocrx_word' id='word_1_222' title='bbox 1475 3271 1536 3347; x_wconf 87' lang='lat' dir='ltr'>(de</span> <span class='ocrx_word' id='word_1_223' title='bbox 1570 3290 1636 3355; x_wconf 88' lang='lat' dir='ltr'>quo</span> <span class='ocrx_word' id='word_1_224' title='bbox 1670 3269 1746 3334; x_wconf 94' lang='lat' dir='ltr'>loco</span> <span class='ocrx_word' id='word_1_225' title='bbox 1781 3264 1931 3353; x_wconf 71' lang='lat' dir='ltr'>supra⁵¹²</span> 
     </span>
     <span class='ocr_line' id='line_1_22' title="bbox 368 3389 1931 3481; baseline 0 -27"><span class='ocrx_word' id='word_1_226' title='bbox 368 3389 516 3457; x_wconf 84' lang='lat' dir='ltr'>habitum</span> <span class='ocrx_word' id='word_1_227' title='bbox 530 3391 568 3431; x_wconf 81' lang='lat'>⁵¹⁸</span> <span class='ocrx_word' id='word_1_228' title='bbox 589 3403 671 3477; x_wconf 87' lang='lat' dir='ltr'>est,)</span> <span class='ocrx_word' id='word_1_229' title='bbox 701 3397 920 3481; x_wconf 85' lang='lat' dir='ltr'>suggestione</span> <span class='ocrx_word' id='word_1_230' title='bbox 950 3396 1121 3462; x_wconf 89' lang='lat' dir='ltr'>cuiusdam</span> <span class='ocrx_word' id='word_1_231' title='bbox 1151 3393 1303 3461; x_wconf 91' lang='lat' dir='ltr'>monachi</span> <span class='ocrx_word' id='word_1_232' title='bbox 1334 3396 1473 3480; x_wconf 90' lang='lat' dir='ltr'>cupiens</span> <span class='ocrx_word' id='word_1_233' title='bbox 1505 3415 1625 3480; x_wconf 89' lang='lat' dir='ltr'>corpus</span> <span class='ocrx_word' id='word_1_234' title='bbox 1653 3395 1750 3459; x_wconf 87' lang='lat' dir='ltr'>beate</span> <span class='ocrx_word' id='word_1_235' title='bbox 1774 3393 1931 3459; x_wconf 87' lang='lat' dir='ltr'>Katerine</span> 
     </span>
    </p>
   </div>
   <div class='ocr_carea' id='block_1_5' title="bbox 368 3518 1931 3607">
    <p class='ocr_par' dir='ltr' id='par_1_6' title="bbox 368 3518 1931 3607">
     <span class='ocr_line' id='line_1_23' title="bbox 368 3518 1931 3607; baseline -0.002 -24"><span class='ocrx_word' id='word_1_236' title='bbox 368 3519 451 3587; x_wconf 88' lang='lat' dir='ltr'>alias</span> <span class='ocrx_word' id='word_1_237' title='bbox 475 3521 661 3602; x_wconf 80' lang='lat' dir='ltr'>transferre,</span> <span class='ocrx_word' id='word_1_238' title='bbox 685 3534 879 3607; x_wconf 86' lang='lat' dir='ltr'>preparatus</span> <span class='ocrx_word' id='word_1_239' title='bbox 904 3523 944 3587; x_wconf 92' lang='lat' dir='ltr'>ad</span> <span class='ocrx_word' id='word_1_240' title='bbox 968 3520 1183 3589; x_wconf 85' lang='lat' dir='ltr'>auferendum</span> <span class='ocrx_word' id='word_1_241' title='bbox 1206 3519 1276 3586; x_wconf 84' lang='lat' dir='ltr'>fere</span> <span class='ocrx_word' id='word_1_242' title='bbox 1299 3540 1406 3605; x_wconf 87' lang='lat' dir='ltr'>usque</span> <span class='ocrx_word' id='word_1_243' title='bbox 1431 3520 1471 3586; x_wconf 87' lang='lat' dir='ltr'>ad</span> <span class='ocrx_word' id='word_1_244' title='bbox 1495 3520 1633 3586; x_wconf 87' lang='lat' dir='ltr'>eandem</span> <span class='ocrx_word' id='word_1_245' title='bbox 1655 3518 1832 3585; x_wconf 85' lang='lat' dir='ltr'>ecclesiam</span> <span class='ocrx_word' id='word_1_246' title='bbox 1855 3536 1931 3582; x_wconf 91' lang='lat' dir='ltr'>cum</span> 
     </span>
    </p>
   </div>
   <div class='ocr_carea' id='block_1_6' title="bbox 357 3836 1933 5097">
    <p class='ocr_par' dir='ltr' id='par_1_7' title="bbox 357 3836 1933 5097">
     <span class='ocr_line' id='line_1_24' title="bbox 474 3836 1930 3913; baseline -0.006 -16"><span class='ocrx_word' id='word_1_247' title='bbox 474 3843 541 3913; x_wconf 73' lang='lat'>512)</span> <span class='ocrx_word' id='word_1_248' title='bbox 559 3845 704 3913; x_wconf 68' lang='lat' dir='ltr'>caristiam]</span> <span class='ocrx_word' id='word_1_249' title='bbox 724 3845 869 3911; x_wconf 75' lang='lat' dir='ltr'>penuriam.</span> <span class='ocrx_word' id='word_1_250' title='bbox 888 3871 924 3882; x_wconf 94' lang='lat'>-</span> <span class='ocrx_word' id='word_1_251' title='bbox 943 3841 1009 3910; x_wconf 81' lang='grc'><strong>513)</strong></span> <span class='ocrx_word' id='word_1_252' title='bbox 1027 3845 1056 3896; x_wconf 79' lang='lat' dir='ltr'>e&#39;n</span> <span class='ocrx_word' id='word_1_253' title='bbox 1074 3842 1229 3910; x_wconf 66' lang='lat' dir='ltr'>munna]</span> <span class='ocrx_word' id='word_1_254' title='bbox 1249 3843 1388 3908; x_wconf 87' lang='lat' dir='ltr'>continuo,</span> <span class='ocrx_word' id='word_1_255' title='bbox 1407 3858 1423 3894; x_wconf 89' lang='lat' dir='ltr'>e</span> <span class='ocrx_word' id='word_1_256' title='bbox 1442 3841 1567 3907; x_wconf 77' lang='lat' dir='ltr'>vestigio.</span> <span class='ocrx_word' id='word_1_257' title='bbox 1584 3867 1620 3879; x_wconf 94' lang='lat'>-</span> <span class='ocrx_word' id='word_1_258' title='bbox 1638 3837 1704 3905; x_wconf 81' lang='grc'><strong>511)</strong></span> <span class='ocrx_word' id='word_1_259' title='bbox 1724 3837 1760 3890; x_wconf 79' lang='lat' dir='ltr'>ari</span> <span class='ocrx_word' id='word_1_260' title='bbox 1771 3836 1844 3908; x_wconf 76' lang='lat' dir='ltr'>opus]</span> <span class='ocrx_word' id='word_1_261' title='bbox 1860 3837 1930 3889; x_wconf 84' lang='lat' dir='ltr'>For-</span> 
     </span>
     <span class='ocr_line' id='line_1_25' title="bbox 367 3943 1930 4023; baseline -0.004 -21"><span class='ocrx_word' id='word_1_262' title='bbox 367 3952 439 4003; x_wconf 85' lang='lat' dir='ltr'>mule</span> <span class='ocrx_word' id='word_1_263' title='bbox 456 3953 494 4004; x_wconf 86' lang='lat' dir='ltr'>ud</span> <span class='ocrx_word' id='word_1_264' title='bbox 508 3968 570 4022; x_wconf 79' lang='lat' dir='ltr'>opus</span> <span class='ocrx_word' id='word_1_265' title='bbox 589 3954 725 4019; x_wconf 82' lang='lat' dir='ltr'>elguificet</span> <span class='ocrx_word' id='word_1_266' title='bbox 742 3953 779 4004; x_wconf 81' lang='lat' dir='ltr'>ud</span> <span class='ocrx_word' id='word_1_267' title='bbox 795 3969 879 4015; x_wconf 74' lang='lat' dir='ltr'>mm,</span> <span class='ocrx_word' id='word_1_268' title='bbox 895 3960 1017 4023; x_wconf 74' lang='lat' dir='ltr'>propter,</span> <span class='ocrx_word' id='word_1_269' title='bbox 1031 3958 1152 4005; x_wconf 85' lang='lat' dir='ltr'>nostrum</span> <span class='ocrx_word' id='word_1_270' title='bbox 1170 3968 1233 4004; x_wconf 81' lang='lat' dir='ltr'>zum</span> <span class='ocrx_word' id='word_1_271' title='bbox 1251 3948 1352 4020; x_wconf 80' lang='lat' dir='ltr'>Belus.</span> <span class='ocrx_word' id='word_1_272' title='bbox 1388 3950 1462 4003; x_wconf 79' lang='lat' dir='ltr'>Nutu</span> <span class='ocrx_word' id='word_1_273' title='bbox 1480 3956 1523 4001; x_wconf 88' lang='lat' dir='ltr'>eet</span> <span class='ocrx_word' id='word_1_274' title='bbox 1541 3963 1575 4001; x_wconf 86' lang='lat' dir='ltr'>ex</span> <span class='ocrx_word' id='word_1_275' title='bbox 1592 3947 1725 4002; x_wconf 79' lang='lat' dir='ltr'>nocebulc</span> <span class='ocrx_word' id='word_1_276' title='bbox 1745 3943 1930 3999; x_wconf 84' lang='lat' dir='ltr'>indeellnebili</span> 
     </span>
     <span class='ocr_line' id='line_1_26' title="bbox 366 4052 1930 4127; baseline -0.003 -18"><span class='ocrx_word' id='word_1_277' title='bbox 366 4074 430 4127; x_wconf 76' lang='lat' dir='ltr'>opus</span> <span class='ocrx_word' id='word_1_278' title='bbox 452 4073 533 4111; x_wconf 86' lang='lat' dir='ltr'>ecneu</span> <span class='ocrx_word' id='word_1_279' title='bbox 552 4061 731 4113; x_wconf 80' lang='lat' dir='ltr'>necessitatis.</span> <span class='ocrx_word' id='word_1_280' title='bbox 770 4059 829 4112; x_wconf 89' lang='lat' dir='ltr'>Nee</span> <span class='ocrx_word' id='word_1_281' title='bbox 854 4075 977 4126; x_wconf 86' lang='lat' dir='ltr'>umquem</span> <span class='ocrx_word' id='word_1_282' title='bbox 1001 4058 1073 4115; x_wconf 85' lang='lat' dir='ltr'>idem</span> <span class='ocrx_word' id='word_1_283' title='bbox 1098 4066 1142 4113; x_wconf 89' lang='lat' dir='ltr'>eet</span> <span class='ocrx_word' id='word_1_284' title='bbox 1166 4057 1237 4126; x_wconf 88' lang='lat' dir='ltr'>qnod</span> <span class='ocrx_word' id='word_1_285' title='bbox 1256 4056 1468 4122; x_wconf 74' lang='lat' dir='ltr'>matrimonium,</span> <span class='ocrx_word' id='word_1_286' title='bbox 1495 4056 1657 4122; x_wconf 84' lang='lat' dir='ltr'>coniugium.</span> <span class='ocrx_word' id='word_1_287' title='bbox 1693 4053 1839 4107; x_wconf 85' lang='lat' dir='ltr'>Videemue</span> <span class='ocrx_word' id='word_1_288' title='bbox 1858 4052 1930 4105; x_wconf 87' lang='lat' dir='ltr'>euim</span> 
     </span>
     <span class='ocr_line' id='line_1_27' title="bbox 367 4160 1931 4236; baseline -0.002 -20"><span class='ocrx_word' id='word_1_289' title='bbox 367 4180 437 4232; x_wconf 82' lang='lat' dir='ltr'>quae</span> <span class='ocrx_word' id='word_1_290' title='bbox 455 4164 609 4231; x_wconf 82' lang='lat' dir='ltr'>Ducangiue</span> <span class='ocrx_word' id='word_1_291' title='bbox 628 4167 749 4232; x_wconf 82' lang='lat' dir='ltr'>exemplu</span> <span class='ocrx_word' id='word_1_292' title='bbox 768 4165 855 4218; x_wconf 78' lang='lat' dir='ltr'>effert.</span> <span class='ocrx_word' id='word_1_293' title='bbox 893 4168 967 4220; x_wconf 84' lang='lat' dir='ltr'>Citat</span> <span class='ocrx_word' id='word_1_294' title='bbox 985 4164 1066 4220; x_wconf 82' lang='lat' dir='ltr'>haec:</span> <span class='ocrx_word' id='word_1_295' title='bbox 1094 4165 1226 4220; x_wconf 77' lang='lat' dir='ltr'>Venerunt</span> <span class='ocrx_word' id='word_1_296' title='bbox 1242 4160 1333 4218; x_wconf 64' lang='lat' dir='ltr'>oratii</span> <span class='ocrx_word' id='word_1_297' title='bbox 1353 4164 1520 4236; x_wconf 76' lang='lat' dir='ltr'>imperatorie</span> <span class='ocrx_word' id='word_1_298' title='bbox 1537 4163 1574 4216; x_wconf 76' lang='lat' dir='ltr'>del</span> <span class='ocrx_word' id='word_1_299' title='bbox 1594 4179 1692 4230; x_wconf 66' lang='lat' dir='ltr'>regern,</span> <span class='ocrx_word' id='word_1_300' title='bbox 1714 4170 1829 4234; x_wconf 77' lang='lat' dir='ltr'>petentes</span> <span class='ocrx_word' id='word_1_301' title='bbox 1850 4176 1931 4212; x_wconf 68' lang='lat' dir='ltr'>emm</span> 
     </span>
     <span class='ocr_line' id='line_1_28' title="bbox 357 4267 1933 4345; baseline -0.002 -22"><span class='ocrx_word' id='word_1_302' title='bbox 357 4270 484 4339; x_wconf 80' lang='lat' dir='ltr'>filiomm</span> <span class='ocrx_word' id='word_1_303' title='bbox 501 4271 581 4340; x_wconf 76' lang='lat' dir='ltr'>repis,</span> <span class='ocrx_word' id='word_1_304' title='bbox 598 4269 657 4339; x_wconf 77' lang='lat' dir='ltr'>filit</span> <span class='ocrx_word' id='word_1_305' title='bbox 674 4272 716 4324; x_wconf 80' lang='lat' dir='ltr'>rui</span> <span class='ocrx_word' id='word_1_306' title='bbox 733 4272 769 4324; x_wconf 82' lang='lat' dir='ltr'>ad</span> <span class='ocrx_word' id='word_1_307' title='bbox 783 4288 859 4342; x_wconf 79' lang='lat' dir='ltr'>opus,</span> <span class='ocrx_word' id='word_1_308' title='bbox 883 4282 907 4325; x_wconf 87' lang='lat' dir='ltr'>et</span> <span class='ocrx_word' id='word_1_309' title='bbox 931 4271 1013 4325; x_wconf 83' lang='lat' dir='ltr'>uliam</span> <span class='ocrx_word' id='word_1_310' title='bbox 1035 4274 1072 4325; x_wconf 84' lang='lat' dir='ltr'>ud</span> <span class='ocrx_word' id='word_1_311' title='bbox 1087 4290 1150 4345; x_wconf 76' lang='lat' dir='ltr'>opus</span> <span class='ocrx_word' id='word_1_312' title='bbox 1169 4272 1283 4326; x_wconf 81' lang='lat' dir='ltr'>Hmrirt‘</span> <span class='ocrx_word' id='word_1_313' title='bbox 1299 4273 1371 4326; x_wconf 76' lang='lat' dir='ltr'>duris</span> <span class='ocrx_word' id='word_1_314' title='bbox 1388 4271 1527 4325; x_wconf 77' lang='lat' dir='ltr'>Seconiae.</span> <span class='ocrx_word' id='word_1_315' title='bbox 1564 4271 1662 4324; x_wconf 86' lang='lat' dir='ltr'>Nonne</span> <span class='ocrx_word' id='word_1_316' title='bbox 1680 4268 1707 4324; x_wconf 89' lang='lat' dir='ltr'>h.</span> <span class='ocrx_word' id='word_1_317' title='bbox 1726 4271 1743 4322; x_wconf 94' lang='grc'>1.</span> <span class='ocrx_word' id='word_1_318' title='bbox 1762 4268 1879 4322; x_wconf 70' lang='lat' dir='ltr'>formula</span> <span class='ocrx_word' id='word_1_319' title='bbox 1895 4267 1933 4320; x_wconf 85' lang='lat' dir='ltr'>ed</span> 
     </span>
     <span class='ocr_line' id='line_1_29' title="bbox 367 4365 1930 4449; baseline -0.003 -18"><span class='ocrx_word' id='word_1_320' title='bbox 367 4395 430 4448; x_wconf 85' lang='lat' dir='ltr'>opttr</span> <span class='ocrx_word' id='word_1_321' title='bbox 446 4384 491 4431; x_wconf 88' lang='lat' dir='ltr'>eet</span> <span class='ocrx_word' id='word_1_322' title='bbox 504 4395 568 4449; x_wconf 80' lang='lat' dir='ltr'>pro,</span> <span class='ocrx_word' id='word_1_323' title='bbox 592 4376 753 4445; x_wconf 68' lang='lat' dir='ltr'>ingratiam</span> <span class='ocrx_word' id='word_1_324' title='bbox 775 4376 901 4431; x_wconf 68' lang='lat' dir='ltr'>aliumue?</span> <span class='ocrx_word' id='word_1_325' title='bbox 925 4409 961 4421; x_wconf 92' lang='lat'><em>-</em></span> <span class='ocrx_word' id='word_1_326' title='bbox 984 4380 1080 4447; x_wconf 81' lang='lat' dir='ltr'>Neque</span> <span class='ocrx_word' id='word_1_327' title='bbox 1104 4381 1183 4435; x_wconf 82' lang='lat' dir='ltr'>aliter</span> <span class='ocrx_word' id='word_1_328' title='bbox 1206 4382 1368 4448; x_wconf 85' lang='lat' dir='ltr'>interpretor</span> <span class='ocrx_word' id='word_1_329' title='bbox 1393 4365 1545 4449; x_wconf 52' lang='lat' dir='ltr'>illud&#39;opue</span> <span class='ocrx_word' id='word_1_330' title='bbox 1568 4379 1737 4449; x_wconf 70' lang='lat' dir='ltr'>nuptiantes.</span> <span class='ocrx_word' id='word_1_331' title='bbox 1762 4375 1833 4444; x_wconf 81' lang='lat' dir='ltr'>quod</span> <span class='ocrx_word' id='word_1_332' title='bbox 1859 4374 1930 4442; x_wconf 77' lang='lat' dir='ltr'>opud</span> 
     </span>
     <span class='ocr_line' id='line_1_30' title="bbox 368 4482 1930 4557; baseline -0.003 -18"><span class='ocrx_word' id='word_1_333' title='bbox 368 4487 397 4539; x_wconf 90' lang='lat' dir='ltr'>S.</span> <span class='ocrx_word' id='word_1_334' title='bbox 411 4486 604 4552; x_wconf 79' lang='lat' dir='ltr'>Hieronymum</span> <span class='ocrx_word' id='word_1_335' title='bbox 623 4501 676 4537; x_wconf 87' lang='lat' dir='ltr'>oon</span> <span class='ocrx_word' id='word_1_336' title='bbox 695 4486 779 4538; x_wconf 85' lang='lat' dir='ltr'>eemel</span> <span class='ocrx_word' id='word_1_337' title='bbox 798 4487 853 4554; x_wconf 82' lang='lat' dir='ltr'>legi</span> <span class='ocrx_word' id='word_1_338' title='bbox 872 4488 911 4540; x_wconf 84' lang='lat' dir='ltr'>eit</span> <span class='ocrx_word' id='word_1_339' title='bbox 925 4488 1072 4551; x_wconf 78' lang='lat' dir='ltr'>lluireene3</span> <span class='ocrx_word' id='word_1_340' title='bbox 1092 4484 1218 4542; x_wconf 83' lang='lat' dir='ltr'>estnihil</span> <span class='ocrx_word' id='word_1_341' title='bbox 1236 4489 1290 4541; x_wconf 77' lang='lat' dir='ltr'>elei</span> <span class='ocrx_word' id='word_1_342' title='bbox 1308 4487 1344 4539; x_wconf 84' lang='lat' dir='ltr'>ed</span> <span class='ocrx_word' id='word_1_343' title='bbox 1359 4486 1472 4557; x_wconf 80' lang='lat' dir='ltr'>nuptiae.</span> <span class='ocrx_word' id='word_1_344' title='bbox 1501 4485 1549 4537; x_wconf 85' lang='lat' dir='ltr'>Cir</span> <span class='ocrx_word' id='word_1_345' title='bbox 1567 4482 1634 4538; x_wconf 82' lang='lat' dir='ltr'>hece</span> <span class='ocrx_word' id='word_1_346' title='bbox 1648 4486 1745 4538; x_wconf 83' lang='lat' dir='ltr'>Jacobi</span> <span class='ocrx_word' id='word_1_347' title='bbox 1763 4483 1798 4537; x_wconf 89' lang='lat' dir='ltr'>de</span> <span class='ocrx_word' id='word_1_348' title='bbox 1808 4483 1930 4535; x_wconf 82' lang='lat' dir='ltr'>vitriaco</span> 
     </span>
     <span class='ocr_line' id='line_1_31' title="bbox 367 4588 1930 4664; baseline -0.002 -19"><span class='ocrx_word' id='word_1_349' title='bbox 367 4589 432 4647; x_wconf 87' lang='lat' dir='ltr'>hiet.</span> <span class='ocrx_word' id='word_1_350' title='bbox 450 4593 558 4648; x_wconf 81' lang='lat' dir='ltr'>Jlreroe.</span> <span class='ocrx_word' id='word_1_351' title='bbox 578 4612 604 4662; x_wconf 85' lang='lat' dir='ltr'>p.</span> <span class='ocrx_word' id='word_1_352' title='bbox 627 4591 709 4646; x_wconf 79' lang='lat'>1⁰53:</span> <span class='ocrx_word' id='word_1_353' title='bbox 729 4593 884 4648; x_wconf 82' lang='lat' dir='ltr'>Mercedem</span> <span class='ocrx_word' id='word_1_354' title='bbox 902 4596 1049 4664; x_wconf 83' lang='lat' dir='ltr'>recipiebat</span> <span class='ocrx_word' id='word_1_355' title='bbox 1066 4594 1101 4648; x_wconf 90' lang='lat' dir='ltr'>ed</span> <span class='ocrx_word' id='word_1_356' title='bbox 1120 4612 1188 4664; x_wconf 84' lang='lat' dir='ltr'>opus</span> <span class='ocrx_word' id='word_1_357' title='bbox 1209 4594 1335 4648; x_wconf 82' lang='lat' dir='ltr'>dominae</span> <span class='ocrx_word' id='word_1_358' title='bbox 1352 4610 1417 4646; x_wconf 85' lang='lat' dir='ltr'>enee</span> <span class='ocrx_word' id='word_1_359' title='bbox 1435 4591 1679 4661; x_wconf 84' lang='lat' dir='ltr'>(Mohemmedue).</span> <span class='ocrx_word' id='word_1_360' title='bbox 1702 4621 1735 4632; x_wconf 94' lang='lat'>-—</span> <span class='ocrx_word' id='word_1_361' title='bbox 1753 4590 1791 4644; x_wconf 81' lang='lat' dir='ltr'>m</span> <span class='ocrx_word' id='word_1_362' title='bbox 1809 4609 1835 4658; x_wconf 91' lang='lat' dir='ltr'>p.</span> <span class='ocrx_word' id='word_1_363' title='bbox 1848 4588 1930 4644; x_wconf 74' lang='lat' dir='ltr'>tlte:</span> 
     </span>
     <span class='ocr_line' id='line_1_32' title="bbox 367 4700 1929 4773; baseline -0.002 -20"><span class='ocrx_word' id='word_1_364' title='bbox 367 4700 401 4753; x_wconf 89' lang='lat' dir='ltr'>ed</span> <span class='ocrx_word' id='word_1_365' title='bbox 425 4718 494 4770; x_wconf 84' lang='lat' dir='ltr'>opor</span> <span class='ocrx_word' id='word_1_366' title='bbox 517 4701 732 4755; x_wconf 80' lang='lat' dir='ltr'>christienorum.</span> <span class='ocrx_word' id='word_1_367' title='bbox 772 4703 899 4756; x_wconf 83' lang='lat' dir='ltr'>Ceterum</span> <span class='ocrx_word' id='word_1_368' title='bbox 921 4705 1055 4758; x_wconf 86' lang='lat' dir='ltr'>neminem</span> <span class='ocrx_word' id='word_1_369' title='bbox 1078 4703 1162 4771; x_wconf 80' lang='lat' dir='ltr'>fugit,</span> <span class='ocrx_word' id='word_1_370' title='bbox 1192 4702 1381 4757; x_wconf 84' lang='lat' dir='ltr'>indecliuebile</span> <span class='ocrx_word' id='word_1_371' title='bbox 1406 4702 1566 4754; x_wconf 85' lang='lat' dir='ltr'>vocebulum</span> <span class='ocrx_word' id='word_1_372' title='bbox 1590 4719 1653 4773; x_wconf 75' lang='lat' dir='ltr'>opus</span> <span class='ocrx_word' id='word_1_373' title='bbox 1675 4716 1736 4755; x_wconf 83' lang='lat' dir='ltr'>cnm</span> <span class='ocrx_word' id='word_1_374' title='bbox 1758 4700 1929 4754; x_wconf 75' lang='lat' dir='ltr'>substantivo</span> 
     </span>
     <span class='ocr_line' id='line_1_33' title="bbox 366 4798 1930 4878; baseline -0.001 -16"><span class='ocrx_word' id='word_1_375' title='bbox 366 4824 430 4876; x_wconf 73' lang='lat' dir='ltr'>opus</span> <span class='ocrx_word' id='word_1_376' title='bbox 456 4808 577 4863; x_wconf 85' lang='lat' dir='ltr'>eiusdem</span> <span class='ocrx_word' id='word_1_377' title='bbox 606 4810 720 4876; x_wconf 82' lang='lat' dir='ltr'>originis</span> <span class='ocrx_word' id='word_1_378' title='bbox 745 4825 821 4875; x_wconf 82' lang='lat' dir='ltr'>esee,</span> <span class='ocrx_word' id='word_1_379' title='bbox 851 4817 977 4877; x_wconf 82' lang='lat' dir='ltr'>recteque</span> <span class='ocrx_word' id='word_1_380' title='bbox 1005 4811 1224 4866; x_wconf 83' lang='lat' dir='ltr'>Doederleioium</span> <span class='ocrx_word' id='word_1_381' title='bbox 1249 4810 1416 4864; x_wconf 76' lang='lat' dir='ltr'>Graecorum</span> <span class='ocrx_word' id='word_1_382' title='bbox 1442 4798 1529 4878; x_wconf 70' lang='grc' dir='ltr'><em>ἔργον</em></span> <span class='ocrx_word' id='word_1_383' title='bbox 1551 4799 1598 4867; x_wconf 64' lang='lat' dir='ltr'>tet</span> <span class='ocrx_word' id='word_1_384' title='bbox 1626 4809 1743 4862; x_wconf 82' lang='lat' dir='ltr'>conferri</span> <span class='ocrx_word' id='word_1_385' title='bbox 1766 4807 1869 4860; x_wconf 86' lang='lat' dir='ltr'>iubere.</span> <span class='ocrx_word' id='word_1_386' title='bbox 1893 4832 1930 4844; x_wconf 87' lang='lat'>-</span> 
     </span>
     <span class='ocr_line' id='line_1_34' title="bbox 368 4911 1931 4989; baseline 0 -22"><span class='ocrx_word' id='word_1_387' title='bbox 368 4914 434 4982; x_wconf 86' lang='grc'><strong>515)</strong></span> <span class='ocrx_word' id='word_1_388' title='bbox 452 4914 581 4986; x_wconf 62' lang='lat' dir='ltr'>elongati]</span> <span class='ocrx_word' id='word_1_389' title='bbox 601 4917 653 4969; x_wconf 82' lang='lat' dir='ltr'>Est</span> <span class='ocrx_word' id='word_1_390' title='bbox 669 4917 911 4985; x_wconf 82' lang='lat' dir='ltr'>Francogellorum</span> <span class='ocrx_word' id='word_1_391' title='bbox 937 4917 1058 4988; x_wconf 57' lang='lat' dir='ltr'>tham.</span> <span class='ocrx_word' id='word_1_392' title='bbox 1081 4948 1119 4960; x_wconf 95' lang='lat'>-</span> <span class='ocrx_word' id='word_1_393' title='bbox 1143 4918 1210 4986; x_wconf 86' lang='grc'><strong>5111)</strong></span> <span class='ocrx_word' id='word_1_394' title='bbox 1236 4918 1303 4985; x_wconf 72' lang='lat' dir='ltr'>uice]</span> <span class='ocrx_word' id='word_1_395' title='bbox 1327 4919 1397 4971; x_wconf 83' lang='lat' dir='ltr'>loco.</span> <span class='ocrx_word' id='word_1_396' title='bbox 1422 4947 1458 4959; x_wconf 90' lang='lat'>-</span> <span class='ocrx_word' id='word_1_397' title='bbox 1481 4914 1548 4982; x_wconf 87' lang='grc'><strong>517)</strong></span> <span class='ocrx_word' id='word_1_398' title='bbox 1573 4917 1664 4989; x_wconf 70' lang='lat' dir='ltr'>erepte]</span> <span class='ocrx_word' id='word_1_399' title='bbox 1684 4917 1733 4970; x_wconf 83' lang='lat' dir='ltr'>XV</span> <span class='ocrx_word' id='word_1_400' title='bbox 1750 4913 1768 4969; x_wconf 70' lang='lat' dir='ltr'>l</span> <span class='ocrx_word' id='word_1_401' title='bbox 1786 4933 1812 4982; x_wconf 88' lang='lat' dir='ltr'>p.</span> <span class='ocrx_word' id='word_1_402' title='bbox 1833 4911 1876 4968; x_wconf 79' lang='lat' dir='ltr'>dl.</span> <span class='ocrx_word' id='word_1_403' title='bbox 1895 4939 1931 4952; x_wconf 91' lang='lat'><em>-</em></span> 
     </span>
     <span class='ocr_line' id='line_1_35' title="bbox 368 5021 1577 5097; baseline 0.002 -22"><span class='ocrx_word' id='word_1_404' title='bbox 368 5021 435 5091; x_wconf 84' lang='grc'><strong>518)</strong></span> <span class='ocrx_word' id='word_1_405' title='bbox 454 5024 580 5093; x_wconf 73' lang='lat' dir='ltr'>luditum]</span> <span class='ocrx_word' id='word_1_406' title='bbox 601 5023 705 5079; x_wconf 73' lang='lat' dir='ltr'>Habere</span> <span class='ocrx_word' id='word_1_407' title='bbox 717 5042 860 5097; x_wconf 74' lang='lat' dir='ltr'>pereum</span> <span class='ocrx_word' id='word_1_408' title='bbox 877 5026 1040 5095; x_wconf 80' lang='lat' dir='ltr'>respiciendi</span> <span class='ocrx_word' id='word_1_409' title='bbox 1059 5026 1170 5081; x_wconf 82' lang='lat' dir='ltr'>notione</span> <span class='ocrx_word' id='word_1_410' title='bbox 1188 5025 1242 5079; x_wconf 86' lang='lat' dir='ltr'>dici</span> <span class='ocrx_word' id='word_1_411' title='bbox 1262 5032 1358 5079; x_wconf 76' lang='lat' dir='ltr'>auctor</span> <span class='ocrx_word' id='word_1_412' title='bbox 1377 5032 1419 5079; x_wconf 88' lang='lat' dir='ltr'>eet</span> <span class='ocrx_word' id='word_1_413' title='bbox 1436 5025 1577 5079; x_wconf 80' lang='lat' dir='ltr'>Duireene.</span> 
     </span>
    </p>
   </div>
   <div class='ocr_carea' id='block_1_7' title="bbox 0 0 2112 6096">
    <p class='ocr_par' dir='ltr' id='par_1_8' title="bbox 0 0 2112 6096">
     <span class='ocr_line' id='line_1_36' title="bbox 0 0 2112 6096; baseline 0 0"><span class='ocrx_word' id='word_1_414' title='bbox 0 0 2112 6096; x_wconf 95' lang='lat' dir='ltr'> </span> 
     </span>
    </p>
   </div>
  </div>
 </body>
</html>
