4214 6096
960 365 1017 431 1811

148 542 254 608 noemi
273 541 385 612 fideles
407 543 666 626 eeclesiam²¹⁰),
698 545 781 610 sicut
802 545 910 645 adhuc
929 555 1077 633 apparet,
1101 558 1134 612 et
1153 547 1469 635 archiepiscopatum
1491 546 1716 614 fimdauerant.
1756 546 1856 622 Ubis

149 680 237 726 nunu
255 660 413 746 temporis
433 661 518 724 asini
540 658 679 725 soldani
695 660 1012 748 compelluntur²¹¹).
1060 668 1214 734 asennec
1234 660 1328 745 ipitar
1349 667 1535 726 obscuratum
1556 675 1602 726 est
1622 679 1879 737 aerumpna-s

151 787 232 841 tatas
251 788 295 838 sat
317 781 398 838 sotor
418 776 624 860 optimam),
647 776 786 862 quiade
808 777 944 843 ecclesie
966 781 1120 862 materia,
1149 779 1281 845 deloco
1302 778 1512 866 reliquiarum
1533 778 1623 844 locus
1645 786 1823 843 stercorum

149 901 200 957 est
218 890 410 959 ordinatus?
439 891 485 956 Et
504 904 596 974 nota,
629 895 706 979 quia
725 894 788 959 iste
807 893 897 959 locus
918 905 1014 959 extra
1031 917 1139 961 muros
1161 907 1227 976 est,
1251 896 1329 982 quia
1353 894 1534 960 secundum*
1551 904 1641 959 actus
1664 892 1855 980 apostolo-7

151 1030 228 1073 rum·
245 1012 392 1071 ademta
413 1032 477 1071 eum
498 1022 587 1072 extra
604 1024 728 1090 portatu
750 1013 881 1074 ciuitots's
904 1013 1160 1092 Iupidubaut²¹³).

274 1124 330 1190 VI.
368 1125 458 1190 Situs
478 1126 584 1211 ipsius
605 1127 759 1209 ciuitatis,
780 1149 876 1215 quem
897 1127 980 1193 bene
1001 1127 1044 1192 ab
1064 1126 1120 1194 illo
1144 1127 1543 1214 considerare-potuimus,
1564 1125 1640 1191 talis
1655 1135 1711 1192 est
1745 1112 1858 1231 lpsa¹2

150 1240 277 1323 unius,
298 1242 446 1327 quamuis
468 1243 532 1305 sits
553 1242 597 1306 sit
613 1243 649 1305 in
670 1241 746 1324 alto,
769 1253 920 1331 respectu
940 1245 1107 1327 montium,
1128 1246 1183 1333 qui
1205 1244 1374 1326 adiacent,
1394 1244 1435 1307 in‘
1449 1241 1535 1307 ualle
1556 1243 1663 1307 iacere
1687 1241 1825 1307 uidetur.

151 1353 257 1442 Super
286 1378 384 1443 quam
416 1379 458 1421 ex
479 1378 544 1421 una
564 1368 657 1445 parte
676 1381 790 1424 uersus
810 1360 967 1424 orientem
987 1360 1174 1426 extenditur
1194 1383 1277 1423 neom
1299 1362 1416 1436 otissa,
1447 1380 1488 1423 ex
1510 1357 1576 1423 alia
1597 1368 1691 1445 parte
1712 1373 1859 1424 uersuta

149 1471 318 1538 meridiem
347 1495 439 1537 mons
460 1476 547 1550 Sion,
576 1475 630 1559 qui
662 1496 747 1539 nunc
769 1477 927 1563 temporis
960 1478 1062 1542 muris
1092 1477 1233 1542 ciuitatis
1262 1474 1446 1540 includitur.
1488 1474 1567 1561 Ipsa
1602 1475 1688 1538 enim
1709 1474 1859 1542 ciuitast

149 1599 224 1675 post
241 1591 426 1677 passionem
448 1589 582 1655 Domini
601 1589 746 1655 funditus
768 1612 788 1656 a
811 1591 887 1657 Tito
908 1602 941 1657 et
960 1592 1166 1679 Uespasiano
1199 1614 1314 1658 euersa
1334 1593 1369 1656 in
1390 1614 1450 1656 sua
1468 1590 1681 1655 restitutione
1700 1590 1735 1654 in
1756 1599 1833 1654 tan··

151 1712 220 1771 tum
241 1706 378 1770 mutauit
399 1705 496 1769 situm
518 1707 677 1791 priorem,
699 1716 735 1772 ut
754 1728 847 1773 mons
870 1708 1028 1788 caluarie,
1052 1710 1107 1795 qui
1130 1719 1208 1773 tuno
1229 1718 1323 1774 extra
1344 1718 1453 1773 muros
1473 1706 1594 1788 fuerat,
1626 1707 1708 1793 ipsis
1729 1703 1826 1770 modo

150 1819 342 1885 includatur.
385 1819 429 1885 Et
449 1820 535 1907 quod
558 1831 653 1886 extra
672 1822 785 1906 fuerit,
817 1833 954 1888 testatur
969 1823 1217 1908 Iohannes²¹⁴)‚
1238 1824 1294 1890 ubi
1315 1825 1376 1890 sit:
1410 1829 1451 1885 Et
1471 1827 1608 1885 baiulans
1631 1825 1688 1883 sibi
1709 1844 1858 1894 oraeems

151 1943 243 2001 exirit
263 1941 295 1999 in
316 1960 393 2017 cum,
420 1941 471 2018 qui
491 1941 603 2000 dicitur
622 1945 771 2019 calvarie,
791 1946 892 2004 locutu
914 1976 956 1986 -
982 1939 1097 2004 Turris
1118 1946 1223 2006 eciam
1241 1940 1368 2015 Dauid,
1396 1963 1459 2027 que
1480 1949 1556 2003 tune
1576 1960 1674 2024 super
1696 1947 1858 2024 portame

151 2064 237 2137 erat,
266 2075 350 2118 nuno
371 2063 479 2117 autem
501 2055 588 2118 intra
609 2055 774 2119 ciuitatem
795 2065 828 2120 et
848 2078 907 2120 suo
928 2054 999 2121 loeo
1020 2057 1154 2143 antiquo
1176 2067 1226 2121 est
1247 2055 1451 2137 reedificata,
1476 2077 1497 2119 a
1518 2077 1583 2139 qua
1605 2068 1637 2119 et
1657 2076 1743 2118 nune
1763 2076 1828 2119 una

151 2164 320 2259 portarum
343 2184 438 2249 porta
469 2174 574 2233 Dauid
601 2172 794 2235 nominatur.
837 2171 944 2252 Quam
973 2193 1033 2236 nos
1060 2174 1144 2237 siout
1173 2194 1252 2238 oues
1279 2171 1420 2259 quedam
1449 2171 1628 2257 computati
1659 2171 1828 2250 intrantes,
1845 2188 1875 2240 7⁴

151 2287 315 2353 inclinatis
343 2286 508 2373 capitibus
537 2285 579 2350 ad
602 2287 686 2350 atria
707 2285 843 2351 ecclesie
866 2291 971 2352 saneti
994 2287 1135 2374 sepulcri
1166 2310 1225 2375 per
1244 2289 1398 2352 nuncium
1418 2286 1554 2352 Soldani
1575 2285 1827 2351 deducebamur.

152 2402 224 2484 Que
245 2402 391 2468 desolata
410 2424 476 2468 nou
494 2402 635 2485 habens,
664 2403 719 2488 qui
741 2401 924 2468 consoletur
945 2425 1033 2487 eam,
1055 2403 1138 2470 adeo
1160 2405 1248 2470 facta
1269 2413 1321 2468 est
1342 2402 1402 2468 sub
1424 2402 1562 2484 tributo,
1579 2406 1626 2466 'ut
1644 2409 1720 2466 ante
1740 2401 1861 2471 forest

151 2519 255 2606 ipsius
279 2536 349 2584 octo
371 2517 544 2584 drachmas
568 2528 599 2582 et
619 2517 788 2583 dimidiam
809 2518 889 2584 dare
911 2542 1110 2606 cogeremur.
1138 2520 1259 2601 Quam
1273 2543 1331 2585 nos
1354 2542 1401 2602 eo,
1423 2541 1487 2606 quo
1510 2516 1692 2604 oportebat,
1712 2518 1861 2584 timores

153 2645 185 2701 et
205 2634 325 2721 gaudio
345 2635 503 2699 intrantes
526 2633 736 2699 adorauimus
758 2656 834 2700 uere
856 2636 889 2699 in
910 2634 981 2701 loco
1004 2648 1135 2718 sancto,
1169 2635 1226 2701 ubi
1248 2644 1406 2701 steterunt
1427 2633 1528 2723 pedes
1549 2637 1631 2698 Eius.
1673 2632 1713 2697 In
1734 2632 1827 2696 cuius
1847 2646 1878 2696 1ο

152 2749 273 2833 medio,
299 2746 377 2837 'quia
398 2759 467 2814 tota
488 2759 537 2815 est
558 2749 713 2832 rotunda,
740 2751 931 2816 intrauimus
959 2750 1204 2816 Monumentum
1225 2753 1456 2833 Dominioum,
1483 2749 1570 2836 quod
1598 2748 1641 2814 ad
1661 2747 1827 2823 modum⁸)

152 2865 260 2953 ample
281 2877 314 2930 et
334 2864 493 2953 quadrato
514 2867 594 2931 oiste
606 2867 665 2945 ²¹⁵)
687 2865 880 2953 depositum,
902 2870 1052 2934 exomni
1074 2868 1176 2934 latere
1198 2867 1272 2935 albo
1294 2878 1325 2933 et
1338 2866 1439 2956 polito
1449 2888 1620 2931 marmore
1634 2842 1834 2946 contectum,

127 2982 129 2986 ’
151 2984 185 3047 in
207 2980 360 3048 sehabet
380 2983 486 3069 ipsam
506 2993 643 3069 petram,
666 2983 719 3047 cui
740 2981 821 3048 illud
842 2995 1086 3049 sacrosanctum
1108 3007 1226 3073 corpus
1247 2985 1380 3051 Domini

715 3136 764 3208 „in
786 3154 837 3195 ara
858 3135 951 3196 mucis
972 3135 1244 3215 torridum“¹’)²¹⁰)‚

151 3283 212 3348 fuit
233 3282 431 3368 impositum.
473 3281 546 3363 Quo
568 3284 670 3348 eciam
692 3284 820 3370 integra
840 3292 871 3348 st
892 3305 1054 3350 marmore
1074 3292 1223 3350 contecta
1251 3285 1292 3349 iu*
1318 3284 1423 3351 tribus
1451 3282 1531 3349 locis
1564 3291 1654 3369 patet
1675 3281 1776 3346 tactui
1797 3288 1829 3345 et
1847 3289 1875 3340 11

153 3397 272 3464 osculis
301 3399 557 3485 peregrinorum.
599 3399 652 3463 De
683 3421 746 3485 quo
767 3399 898 3465 Marcus
924 3401 1055 3479 ait²¹⁷):
1087 3405 1128 3462 Et
1149 3413 1317 3481 posuerant
1346 3424 1411 3464 eum
1432 3405 1463 3463 in
1484 3412 1665 3462 mouumto
1685 3404 1878 3478 deperdit

151 3521 259 3579 muso.
300 3514 338 3579 ln
359 3513 415 3578 illo
437 3514 540 3578 eciam
562 3513 704 3579 uidimus
724 3514 830 3581 locum
851 3515 894 3580 ad
915 3515 1094 3599 dexteram,
1115 3517 1149 3580 in
1169 3538 1233 3603 quo
1253 3516 1388 3603 angelus
1409 3517 1564 3604 apparuit
1581 3515 1685 3581 tribas
1702 3512 1829 3579 Mariis.
1847 3526 1879 3578 11

150 3631 195 3696 Et
213 3633 319 3716 tangit
340 3641 470 3694 sauctus
492 3629 624 3695 Marcus
638 3632 711 3713 118),
743 3630 870 3697 dicens:
902 3637 942 3694 Et
973 3636 1157 3696 introeuntes
1174 3637 1220 3696 's‘n
1246 3648 1458 3696 monumentum
1486 3636 1624 3695 uiderant
1652 3639 1785 3694 iuuenem
1808 3654 1828 3692 o
1847 3644 1879 3695 14

152 3751 266 3811 destris
287 3753 452 3822 sedentem,
473 3759 642 3827 coopertum
664 3753 741 3809 stola
764 3751 903 3812 candida.
944 3744 991 3812 Et
1008 3758 1104 3831 nota,
1135 3750 1216 3835 quia·
1233 3772 1314 3836 erga
1335 3758 1577 3814 monumentum
1597 3749 1671 3834 ipsa
1692 3745 1829 3812 ecclesia
1849 3761 1879 3814 tt

151 3849 211 3928 nee
231 3862 330 3927 habet
350 3884 409 3927 nec
432 3885 574 3949 unquam
595 3861 709 3926 habuit
728 3873 863 3946 tectum,
888 3864 936 3929 ita
962 3875 998 3929 ut
1020 3865 1127 3951 ipsum
1156 3874 1276 3931 tectum
1298 3864 1341 3930 ad
1363 3864 1611 3952 dispositionem
1639 3874 1670 3928 et
1690 3863 1829 3929 formam

151 3976 311 4043 clericalis
333 3999 452 4042 corone
474 3979 517 4042 sit
538 3976 702 4061 abrasum,
724 4001 799 4061 una,
821 3989 971 4066 utputo,
998 3978 1112 4045 habita
1132 3980 1406 4064 consideratione3
1435 3980 1570 4046 clericus
1593 3981 1679 4045 enim
1693 3978 1828 4060 raditur,

151 4101 219 4173 ut0)
247 4094 330 4158 inter
352 4095 527 4175 rationem,
557 4095 674 4181 quein
701 4099 808 4181 capite
829 4117 961 4161 manere
981 4095 1116 4178 dicitur,
1147 4107 1178 4160 et
1206 4119 1300 4172 suum
1321 4107 1500 4162 creatorem
1519 4094 1642 4160 nullum
1670 4096 1742 4172 sit‘l)
1764 4116 1829 4159 me·

150 4210 239 4276 dium
261 4208 313 4274 uel
332 4208 496 4274 mundana
518 4210 739 4297 superfluitas,
761 4232 823 4297 que
844 4211 995 4275 nimirum
1017 4233 1077 4299 per
1099 4211 1181 4299 pilos
1202 4213 1254 4278 uel
1277 4215 1382 4279 crines
1404 4213 1601 4298 designatur.
1635 4211 1690 4276 Sic
1704 4223 1737 4277 et
1757 4233 1829 4298 pre·
1850 4230 1880 4280 to

218 4391 246 4457 a)
263 4387 338 4446 Edit.
358 4405 399 4458 pr.
419 4397 448 4444 et
464 4391 489 4444 B
509 4393 666 4447 odusodm
684 4421 717 4431 -
735 4389 764 4461 b)
782 4388 848 4445 Bet
859 4390 910 4445 Ed.
929 4390 1002 4447 hunc
1021 4409 1130 4448 versum
1147 4409 1203 4448 non
1220 4377 1443 4448 secreverant·
1463 4393 1490 4462 c)
1509 4392 1559 4447 Ed.
1577 4409 1618 4462 pr.
1637 4389 1736 4445 habet:
1754 4397 1780 4445 et
1791 4389 1829 4443 in·

283 4479 371 4528 ter-
390 4481 428 4527 cst
444 4474 571 4531 medium.
588 4506 622 4516 -
639 4476 669 4539 d)
687 4483 726 4529 cst
741 4474 793 4529 Ed.

215 4662 286 4734 210)
309 4661 468 4738 ecclesiam]
486 4660 522 4723 V.
540 4662 694 4723 Robinson
708 4663 746 4722 N.
760 4662 795 4724 F.
808 4684 838 4744 p.
852 4666 913 4724 341*
927 4683 970 4744 sq.
1012 4664 1219 4744 hymnologico
1240 4666 1266 4724 I.
1288 4668 1336 4736 88,
1357 4663 1402 4724 his
1424 4662 1536 4723 verbis:

193 4755 285 4850 211)
308 4779 527 4855 compelluntur]
546 4781 587 4838 At
607 4780 666 4841 vid.
689 4780 812 4839 'I'obleri
833 4788 970 4858 topogra·
1178 4776 1224 4830 Ad
1241 4792 1355 4830 coenam
1374 4775 1439 4845 agni
1457 4773 1564 4844 providi

152 4873 253 4954 phium
264 4873 537 4955 Hierosolymurum
550 4878 591 4940 11.
614 4883 670 4941 187
692 4887 755 4939 not.
773 4884 810 4952 2.,
831 4879 880 4960 qui
896 4877 971 4936 Wil·
1179 4867 1208 4914 ⁰l
1224 4859 1302 4914 “⁰¹³⁸
1319 4858 1389 4913 ⁸¹¹)st
1407 4857 1516 4912 (midi

1179 4950 1243 5013 post
1259 4943 1406 4997 transitum
1426 4940 1509 4996 maris
1526 4938 1601 4994 rubri

151 4972 295 5034 blandum
317 4977 420 5035 emm
442 4978 598 5038 mulium
1179 5026 1289 5084 Christo
1307 5042 1440 5081 canamus
1456 5022 1590 5094 Principi.

214 5094 286 5166 212)
312 5092 463 5157 Quomodo
484 5129 523 5140 -
546 5092 679 5169 optimus]
704 5091 817 5155 Thrsn.
836 5093 891 5166 IV,
915 5086 939 5154 1.
1220 5161 1227 5175 ι
1483 5159 1490 5170 .
1522 5160 1527 5170 Ι

211 5210 284 5284 ass)
305 5207 492 5285 afflatam]
513 5210 579 5270 Ast.
603 5206 751 5289 spvrr.
774 5215 821 5272 so.
1174 5160 1384 5298 ξωζζζᾞ
1400 5165 1605 5298 mum

167 5347 169 5350 ·
213 5328 284 5399 214)
306 5313 464 5403 Iohannes]
486 5324 574 5386 xlx.
601 5332 648 5387 17.
1177 5343 1275 5382 eruore
1294 5327 1354 5382 eius
1371 5342 1450 5380 roseo

214 5438 286 5515 215)
309 5440 387 5516 esre]
409 5439 447 5505 v,
471 5438 882 5521 Toblsseolgsthsp.1rs
904 5463 968 5524 sqq.
1177 5409 1528 5482 ⁸¹¹⁸¹⁸¹¹⁶⁰V³⁹im¹¹⁸¹>⁰⁰

212 5559 284 5631 216)
308 5557 459 5635 torridum]
481 5558 571 5618 Hunc
590 5577 707 5620 versum
728 5576 792 5616 esse
812 5577 899 5617 nemo
920 5557 970 5618 ad-
1073 5556 1143 5626 217)
1162 5551 1209 5610 De
1230 5568 1287 5628 quo
1308 5549 1444 5627 Marcus]
1466 5548 1536 5609 XV.
1562 5555 1611 5612 16.

151 5655 208 5716 huc
240 5655 321 5717 vidit.
371 5654 432 5716 Sed
463 5657 571 5736 legitur
605 5658 636 5717 in
663 5655 797 5716 Danielis
832 5654 970 5716 messum
1075 5654 1146 5725 218)
1169 5651 1265 5728 toupit
1286 5658 1408 5708 sanctus
1428 5649 1565 5724 Marcus]
1589 5647 1675 5722 XVI,
1698 5657 1723 5712 5.

1590 5765 1623 5816 24
