4214 6096
805 1396 1228 1476 LECTURIS

1006 1601 1032 1651 S.

306 1830 440 1897 Odorici
461 1831 693 1896 Foroiuliensis
716 1832 836 1898 librum
857 1833 1017 1920 quendam
1039 1832 1241 1917 indagantes,
1262 1831 1434 1895 incidimus
1458 1833 1491 1894 in
1515 1832 1599 1897 hanc
1613 1830 1741 1897 Ricoldi
1765 1851 1855 1916 pero-

181 1946 412 2030 grinationem,
453 1970 535 2032 quae
571 1950 751 2012 continetur
788 1949 898 2013 codice
927 1948 1216 2036 Guclpherbytano
1251 1947 1424 2032 inscripto:
1463 1947 1523 2010 No.
1553 1954 1592 2012 40
1625 1957 1698 2011 mst.
1725 1944 1855 2029 Weiss,

182 2061 368 2145 chartaceo,
397 2064 503 2128 forma
524 2065 663 2146 maiore,
691 2064 811 2128 saeculi
832 2065 928 2146 XIV,
949 2065 1100 2130 foliorum
1125 2070 1190 2129 110.
1230 2063 1344 2127 Insunt
1364 2064 1532 2126 itineraria
1553 2063 1597 2126 M.
1618 2064 1713 2130 Pauli
1732 2066 1857 2144 Veneti,

182 2162 332 2258 Oderici,
361 2177 504 2262 Riculdi,
538 2177 702 2244 Guiliclmi
728 2203 747 2244 a
779 2181 977 2246 Boldensele.
1026 2178 1152 2245 Ricoldi
1181 2179 1221 2243 de
1250 2178 1465 2243 Montecrucis
1495 2181 1712 2264 peregrinatio
1740 2180 1857 2267 legitur

180 2290 266 2357 foliis
289 2292 491 2363 tab-arb.

307 2409 360 2474 De
380 2413 449 2475 vita
470 2411 598 2477 Rieoldi
618 2413 645 2475 si
669 2413 817 2497 quaeris,
848 2411 930 2476 haee
951 2413 1019 2475 fere
1041 2409 1140 2473 habet
1161 2410 1299 2475 Iacobus
1321 2410 1434 2490 Queuf
1452 2434 1476 2475 s.
1496 2409 1629 2476 Echard
1649 2412 1682 2475 in
1704 2411 1788 2477 libro
1809 2414 1855 2477 in-

181 2524 318 2611 scripto:
341 2529 511 2606 Scriptores
532 2532 646 2589 ordinis
661 2532 908 2606 praedicatorum
929 2527 966 2590 T.
989 2526 1005 2590 Ι
1025 2550 1054 2611 p.
1077 2525 1181 2592 504b:

306 2640 365 2721 „R
386 2641 550 2722 Ricoldus,
574 2643 645 2706 aliis
667 2643 833 2719 Riculdus,
854 2641 905 2706 vel
928 2644 1024 2705 ctiam
1046 2642 1207 2706 Ricardus
1231 2641 1270 2704 de
1291 2641 1519 2723 Montccrucis,
1541 2640 1699 2708 Etruscus
1721 2643 1855 2708 Floren-

181 2757 277 2838 tinus,
301 2755 414 2821 domus
437 2757 577 2822 Sanctae
598 2757 725 2822 Mariae
746 2758 902 2824 Novellao
925 2756 1089 2837 alumnus,
1111 2758 1163 2820 vir
1184 2755 1331 2821 doctrina
1354 2780 1393 2821 ac
1413 2759 1534 2844 pietate
1557 2758 1678 2840 clarus,
1708 2759 1765 2823 scd
1787 2771 1853 2825 stu-

182 2869 236 2934 dio
258 2870 334 2934 fidei
356 2872 592 2958 propagandae
614 2874 839 2938 ardentissimo
860 2876 1028 2955 incensus,
1063 2872 1121 2936 sub
1149 2872 1244 2936 finem
1276 2873 1376 2937 seculi
1396 2873 1480 2938 XIII
1509 2885 1541 2938 et
1569 2875 1659 2938 initio
1693 2877 1853 2960 sequentis

181 2985 298 3050 floruit.
340 2988 436 3051 Iussu
463 2991 579 3052 summi
605 2990 767 3075 pontificis
794 2994 828 3054 in
849 2990 964 3054 Asiam
993 3011 1065 3053 cum
1088 3012 1122 3053 sc
1144 2988 1346 3069 contulisset,
1376 2988 1554 3053 infidelium
1575 2990 1609 3052 in
1630 2988 1694 3053 illis
1716 2991 1853 3074 regioni-

183 3099 244 3165 bus
263 3102 474 3167 orientalibus
499 3103 682 3189 degentium
705 3116 809 3169 terras
832 3107 1035 3169 vastissimas
1058 3106 1256 3191 peragravit,
1280 3103 1399 3188 ubique
1422 3103 1525 3168 divini
1546 3103 1638 3167 verbi
1660 3127 1853 3190 praeconem

184 3217 354 3301 apostolici
382 3219 479 3304 plane
507 3223 648 3305 pecteris
681 3245 715 3286 se
744 3221 915 3301 exhibens,
945 3245 983 3284 ac
1013 3221 1190 3283 innumeris
1223 3242 1283 3305 pro
1313 3219 1468 3305 religione
1490 3219 1664 3284 exantlatis
1687 3220 1853 3286 laboribus

183 3333 451 3419 gravissimisque
485 3335 573 3420 apud
600 3336 846 3401 Mahumctanos
879 3335 1156 3422 persecutionibus
1192 3337 1357 3421 perpessis
1388 3336 1533 3400 illustris.
1592 3335 1656 3400 Sed
1685 3335 1854 3421 praeclara

183 3447 252 3512 eius
280 3461 373 3533 gesta
401 3472 442 3513 cx
473 3451 541 3515 eius
569 3452 737 3538 operibus,
764 3475 899 3538 quorum
928 3452 991 3516 duo
1011 3461 1198 3536 supersunt,
1231 3452 1350 3515 certius
1372 3462 1619 3536 cognoscentur.
1661 3452 1754 3515 Haec
1776 3474 1853 3516 vero

184 3572 272 3626 sunt:
307 3572 331 3629 1.
353 3569 548 3629 Itineruriurn
567 3571 817 3647 pereprr'nationis
838 3574 873 3631 F.
894 3571 1017 3629 Riculdi
1036 3573 1101 3628 ord.
1125 3571 1188 3630 FF.
1211 3571 1468 3630 Praedicatorum.
1510 3568 1664 3632 Latinum
1693 3567 1772 3631 mihi
1789 3590 1854 3632 non

184 3680 341 3761 occurrit,
371 3680 428 3744 sed
450 3681 576 3748 Gallice
598 3707 618 3748 a
638 3685 678 3748 1⁴¹.
703 3684 846 3748 Iohanne
867 3682 992 3767 Lelong
1021 3705 1105 3747 anno
1138 3688 1211 3749 1351
1247 3681 1408 3746 redditum
1437 3681 1505 3745 vidi
1527 3682 1664 3747 Parisiis
1691 3685 1725 3746 in
1751 3683 1855 3768 Regia

185 3793 253 3858 cod.
276 3798 375 3877 8389,
403 3797 486 3862 alias
507 3800 614 3880 XLII,
643 3822 663 3863 a
683 3798 815 3863 Labbeo
836 3799 870 3862 in
892 3796 987 3884 Spec.
1010 3799 1108 3883 antiq.
1142 3796 1215 3860 1001.
1248 3820 1278 3883 p.
1302 3804 1361 3865 309
1389 3800 1569 3880 recensito,
1596 3800 1652 3884 qui
1674 3798 1776 3864 codex
1800 3799 1853 3864 fol.

183 3930 271 3973 max.
299 3910 439 3996 pellibus
467 3913 610 3978 vitulinis
640 3914 841 3999 elegantibus
865 3921 991 3977 constat
1020 3922 1052 3976 et
1072 3913 1186 3997 figuris
1214 3935 1293 3977 auro
1315 3914 1477 3997 minioque
1498 3912 1675 3996 distinctis,
1704 3936 1785 4000 quae
1806 3937 1854 3979 re-

183 4026 296 4110 giones
319 4036 350 4090 et
371 4027 478 4110 urbes,
501 4051 580 4113 quas
602 4033 636 4094 in
657 4029 739 4094 Asia
761 4029 913 4094 Ricoldus
935 4029 1111 4114 percurrit,
1133 4037 1395 4113 repraesentant,
1423 4027 1543 4115 ubique
1565 4029 1608 4093 ad
1631 4029 1780 4116 quodque
1802 4052 1855 4093 ea·
1950 4100 1955 4105 ,

184 4154 243 4227 put
263 4151 397 4206 ornatur
419 4166 458 4207 ac
477 4146 584 4209 micat.
628 4145 749 4210 Similis
772 4145 875 4210 codex
898 4156 1084 4210 recensetur
1112 4145 1146 4206 in
1167 4142 1252 4206 Bibl.
1275 4143 1400 4209 Cotton.
1421 4145 1455 4207 in
1476 4144 1595 4229 Anglia
1616 4147 1757 4210 armario
1779 4148 1853 4207 Otto

183 4258 352 4344 inscripto,
374 4258 454 4323 Tab.
471 4261 513 4323 D.
525 4262 567 4325 Π.
585 4261 712 4325 0011-
734 4267 761 4326 2.
787 4263 959 4336 Consecutio
971 4263 1123 4322 Alcorcni.
1155 4259 1257 4323 Extat
1273 4260 1305 4321 in
1323 4258 1463 4324 Oolbert.
1480 4260 1550 4327 cod.
1567 4267 1647 4328 2273
1662 4260 1716 4326 fol.
1739 4259 1852 4324 memb.

185 4372 249 4452 Qui
277 4374 381 4438 codex
404 4375 548 4440 collectio
572 4389 620 4441 est
641 4378 781 4464 plurium
804 4375 948 4440 eiusdem
971 4377 1153 4460 argumenti
1171 4385 1376 4439 tractatuum.
1419 4375 1565 4441 Extabat
1588 4378 1686 4441 etiam
1709 4376 1853 4440 Venetiis

184 4488 274 4574 apud
311 4488 369 4555 SS.
390 4491 437 4555 Io.
464 4503 495 4556 et
516 4493 624 4575 Paul,
655 4516 695 4556 ex
725 4515 786 4579 quo
813 4492 852 4555 F.
882 4492 1012 4555 Marcus
1034 4492 1192 4556 Antonius
1225 4491 1390 4555 Serafinus
1418 4492 1579 4570 Venetus,
1610 4491 1854 4571 baccalaureus,

183 4605 327 4669 eiusdem
350 4605 463 4671 domus
487 4609 615 4685 sodalis,
638 4609 831 4694 primigenio
852 4607 992 4670 auctoris
1016 4605 1098 4690 stylo
1122 4606 1233 4692 praelo
1255 4609 1414 4671 commisit
1435 4608 1598 4690 Venetiis,
1631 4609 1719 4693 typis
1741 4606 1854 4669 Domi·

183 4722 249 4785 nici
279 4722 320 4785 de
339 4722 490 4787 Imbertis
516 4726 712 4805 1611111111,
744 4745 841 4809 pagg.
866 4728 914 4788 63.
958 4720 1100 4784 Titulum
1129 4722 1247 4786 indidit
1268 4722 1404 4786 Editor:
1434 4728 1695 4803 Propapnoculuru
1706 4726 1781 4803 fidei
1803 4726 1855 4782 toti

187 4839 377 4899 Christianae
399 4844 536 4919 relipioni
556 4846 712 4901 adeersum
734 4845 886 4901 urendccia
909 4850 936 4899 ct
957 4841 1150 4897 deliramenta
1165 4842 1384 4900 &trecenorum
1398 4843 1542 4900 Alceruni
1550 4845 1713 4918 praecipue
1730 4842 1854 4899 manime

184 4957 262 5014 utile.
306 4953 404 5018 Hune
427 4963 600 5019 tractatum
621 4956 807 5019 Demetrius
831 4953 1012 5039 Cydonius,
1039 4952 1145 5016 modio
1169 4953 1274 5017 0001110
1296 4954 1376 5017 XIV
1396 4954 1524 5036 florens,
1552 4954 1706 5018 eLatino
1730 4950 1855 5016 Graece

183 5068 347 5133 reddidit:
377 5093 460 5156 quae
490 5072 593 5133 versio
625 5081 714 5134 extat
735 5071 841 5134 Paris.
870 5071 903 5132 in
930 5068 1008 5152 Reg.
1037 5069 1107 5133 cod.
1140 5074 1214 5137 18311
1242 5069 1296 5135 fol.
1324 5093 1408 5155 mag.
1436 5069 1549 5133 charta
1576 5071 1688 5133 orient.
1714 5067 1854 5132 Titulus:

180 5177 361 5268 ’Arutponip
391 5182 610 5269 κεφαλαιώδης
638 5187 698 5248 τοῦ
721 5183 820 5267 νόμου
847 5182 985 5266 1110111101
1014 5177 1072 5245 1πό
1094 5179 1151 5263 μὲν
1168 5179 1335 5265 Ῥινάρόου
1352 5188 1427 5263 (010,
1462 5184 1519 5248 scd
1538 5184 1601 5269 leg.
1617 5179 1794 5265 Ῥικάρὸου)
1815 5207 1853 5246 τι-

183 5294 238 5374 νὸς
259 5298 417 5365 ἔκιε-θεῖσα
439 5308 611 5376 lucernaris.
654 5303 823 5378 Consolatio
846 5304 1009 5362 summaria
1031 5303 1102 5378 lepis
1124 5304 1284 5360 1111110110ίί
1306 5323 1325 5360 a
1346 5308 1469 5380 quodum
1480 5304 1615 5363 1110111110
1636 5305 1743 5363 Latine
1765 5304 1853 5363 editu.

185 5416 250 5482 Cur
270 5417 400 5483 Riculdi
421 5440 537 5483 nemen
558 5419 592 5482 in
612 5418 746 5482 Ricardi
765 5419 939 5482 mutaverit
959 5417 1163 5496 DemetriuS,
1185 5416 1336 5499 ignorare
1358 5437 1408 5477 mc
1429 5416 1551 5499 fateor,
1574 5417 1638 5480 nisi
1664 5417 1774 5481 forsan
1797 5438 1854 5480 sua

184 5544 290 5600 aetate
314 5558 334 5600 a
356 5534 550 5620 quibusdam
571 5534 731 5598 Ricardus
753 5535 937 5597 nominatus
958 5534 1063 5596 tuerit.
1105 5531 1134 5594 E
1157 5529 1283 5594 Gracco
1303 5529 1464 5594 Demetrii
1477 5531 1594 5596 Latine
1617 5555 1652 5597 se
1673 5531 1855 5597 reddidisse

185 5648 343 5735 gloriatur
364 5650 631 5715 Bartholomaeus
653 5649 790 5713 Picenus
813 5647 853 5712 de
873 5647 1096 5730 Montoarduo,
1119 5669 1216 5731 quam
1237 5645 1479 5711 translationem
1502 5647 1602 5713 edidit
1618 5648 1741 5713 Romae
1764 5650 1852 5733 typis
