4214 6096
1014 361 1049 421 71

193 539 297 603 eciam
320 538 477 624 spelunca
498 549 547 602 est
569 552 643 601 ante
665 537 850 624 speluncam
873 540 983 620 istam,
1017 539 1161 604 eiusdem
1190 535 1399 623 longitudinis
1422 544 1454 600 et
1474 536 1653 602 latitudinis
1676 548 1707 602 et
1727 537 1866 624 disposi-

192 655 290 718 tionis
311 656 398 719 intra
421 665 453 719 et
474 663 579 717 extra.
622 654 667 717 Et
690 652 841 719 uidentur
861 656 922 718 iste
944 654 1006 719 due
1028 666 1122 719 extra
1144 656 1297 719 existenti
1319 675 1389 717 esse
1411 676 1484 735 una,
1509 653 1566 717 sed
1588 676 1659 718 eum
1682 655 1866 736 intraueris,

193 769 320 835 uidebis
347 792 403 834 eas
435 769 477 834 ab
508 771 646 834 inuicem
668 793 727 856 per
748 770 889 834 medium
913 779 1129 857 separatasss).
1170 771 1315 835 Intratur
1344 779 1451 834 autem
1473 772 1579 855 primo
1600 770 1664 834 ista
1686 778 1718 833 et
1738 768 1866 834 demum

192 886 274 968 alia,
295 889 330 950 in
353 897 486 973 quaest
509 885 700 971 sepulerum.
743 887 781 950 In
802 887 899 950 istam
920 889 1115 951 exteriorem
1137 888 1339 951 intrauerunt
1359 884 1526 967 mulieres,
1549 884 1678 970 quando
1700 884 1867 950 dicebant:

192 1002 297 1084 „Quis
327 1001 471 1067 reuoluet
497 1000 591 1066 nobis
621 1000 884 1086 lepidumst-‘ta
917 1011 948 1065 et
979 1012 1097 1067 cetera.
1139 1003 1181 1066 Et
1212 1005 1272 1067 iste
1292 1002 1377 1088 lapis
1400 1013 1470 1066 erat
1497 1001 1667 1066 aduolutus
1690 1003 1772 1065 ostio
1796 1022 1866 1087 spe·

193 1118 286 1183 lunee
307 1118 482 1197 interioris,
503 1130 535 1181 et
555 1118 640 1181 iacet
659 1116 755 1181 hodic
777 1139 897 1202 magna
918 1140 995 1203 pars
1018 1120 1086 1183 eius
1109 1132 1182 1183 ante
1204 1121 1321 1184 ostium
1344 1117 1496 1204 spelunee
1518 1119 1704 1199 interioris,
1726 1117 1779 1180 eui
1800 1116 1865 1179 fue·

192 1248 245 1299 rat
273 1234 460 1314 aduolutus,
491 1234 524 1296 in
550 1232 655 1296 medio
681 1235 782 1298 istius.
825 1232 900 1298 Alia
929 1257 1006 1299 uero
1033 1258 1111 1321 pars
1140 1237 1208 1299 eius
1235 1233 1394 1298 translata
1423 1236 1525 1298 estin
1546 1245 1687 1298 montem
1710 1231 1787 1297 Sion
1805 1252 1864 1318 pro

193 1349 303 1437 lapide
325 1349 537 1436 supponendo
560 1347 666 1412 altari.
710 1348 815 1428 Quem
838 1351 941 1414 eciam
962 1350 1084 1414 ibidem
1107 1350 1183 1415 uidi.

316 1473 406 1527 Mons
428 1469 581 1539 caluaria,
602 1466 636 1528 in
658 1488 720 1552 quo
743 1465 901 1530 Dominus
925 1466 1099 1531 crucifixus
1121 1481 1178 1549 est,
1203 1467 1302 1531 distat
1324 1489 1345 1530 a
1364 1467 1435 1532 loeo
1458 1464 1598 1551 sepulcri
1621 1487 1679 1550 per
1698 1462 1793 1529 CXX
1813 1483 1866 1547 pe·

193 1583 363 1661 desb)⁴²'⁶).
406 1582 451 1646 Et
473 1579 657 1645 ascenditur
679 1580 722 1644 ad
744 1581 864 1664 locum,
900 1583 955 1646 ubi
978 1604 1059 1647 crux
1083 1585 1185 1648 infixa
1203 1586 1263 1648 lirit
1284 1585 1374 1669 rupi,
1406 1605 1465 1668 per
1486 1581 1599 1645 XVIII
1626 1580 1825 1666 pedesewt)
1847 1601 1867 1642 a

196 1699 369 1786 superficie
391 1698 570 1784 pauimenti
591 1696 735 1762 ecclesie.
778 1698 900 1763 Seissio
923 1710 1013 1784 petre
1039 1698 1196 1781 eiusdem,
1223 1701 1257 1763 in
1281 1723 1344 1786 qua
1366 1722 1447 1763 crux
1467 1698 1527 1762 fuit
1545 1696 1627 1777 fixa,
1659 1706 1748 1760 tante
1771 1716 1867 1781 capa·

194 1817 300 1881 citatis
333 1825 399 1896 est,
427 1825 462 1877 ut
490 1824 589 1898 eaput
617 1835 731 1876 meum.
774 1813 817 1877 Et
839 1814 1004 1878 deseendit
1025 1815 1192 1901 longitudo
1216 1818 1284 1880 eius
1307 1815 1346 1878 de
1369 1815 1439 1879 loeo
1462 1814 1680 1878 crucifixionis
1702 1834 1802 1897 usque
1824 1810 1867 1875 ad

194 1934 413 2019 pauimentum
435 1930 569 1993 inferius
591 1952 649 2015 per
670 1929 784 1994 XVIII
805 1930 903 2016 pedes
913 1930 1017 2011 ί9495),
1040 1943 1072 1995 et
1093 1931 1180 1997 color
1203 1934 1369 2017 sanguinis
1391 1932 1523 1995 Domini
1546 1931 1647 1993 nostri
1662 1929 1759 1993 Ihesu
1774 1927 1866 1994 Chri·

194 2050 234 2113 sti
261 2059 400 2134 apparet
427 2045 523 2110 hodie
551 2047 583 2108 iu
613 2049 686 2132 ipsa
715 2048 870 2110 scissione
899 2057 997 2132 petre.
1040 2046 1083 2111 Et
1106 2050 1218 2112 scissio
1241 2052 1314 2134 ipsa
1339 2060 1409 2111 erat
1433 2045 1492 2112 sub
1515 2068 1613 2110 manu
1634 2046 1702 2108 eius
1727 2045 1866 2108 sinistra.

194 2164 307 2228 Altare
329 2165 431 2227 eciam
454 2161 637 2226 edificatum
661 2173 709 2225 est
729 2163 821 2226 iuxta
845 2185 917 2227 eum
933 2164 1038 2228 locum
1055 2186 1167 2228 manus
1186 2167 1326 2246 sinistre,
1347 2163 1443 2229 ualde
1457 2163 1618 2237 decorum,
1639 2160 1679 2223 de
1694 2181 1864 2225 marmore.

194 2279 265 2365 Ego
295 2278 366 2343 dixi
393 2280 525 2342 missam
554 2277 594 2341 de
623 2280 775 2364 passione
804 2290 834 2341 et
866 2279 929 2364 legi
960 2282 1143 2366 passionem
1167 2281 1343 2345 seeundum
1364 2281 1540 2345 Iohannem
1562 2280 1595 2341 in
1617 2278 1719 2340 missa
1740 2278 1773 2338 in
1795 2275 1866 2341 loeo

194 2398 264 2484 ipso
287 2394 448 2480 passionis
471 2393 600 2459 Christi.

317 2510 575 2587 Pauimentume)
598 2509 692 2573 huius
715 2509 838 2597 capelle
861 2522 996 2575 stratum
1019 2523 1068 2576 est
1089 2512 1129 2576 de
1148 2536 1308 2578 marmore
1328 2523 1449 2593 totum,
1482 2522 1512 2576 et
1532 2511 1673 2597 parietes
1697 2521 1770 2572 sunt
1791 2510 1867 2571 tecti

195 2650 355 2693 marmore
377 2634 411 2688 et
430 2646 528 2709 opere
549 2627 675 2689 musiuo
699 2624 842 2690 decorati
865 2626 905 2690 de
927 2650 1005 2691 auro
1029 2630 1211 2714 purissimo.

317 2743 370 2807 De
397 2741 541 2806 caluaria
568 2752 682 2805 eontra
707 2743 861 2805 orientem
890 2749 928 2808 24
958 2742 1094 2829 pedihus
1123 2757 1172 2809 est
1204 2745 1307 2809 altare
1336 2744 1515 2832 quoddam,
1544 2742 1603 2807 sub
1635 2762 1697 2827 quo
1720 2751 1867 2824 estpars

195 2859 379 2946 columpne,
410 2857 452 2921 ad
484 2880 581 2944 qutun
603 2855 798 2934 Dominusf)
826 2859 887 2923 fuit
913 2859 1111 2945 flagellatus,
1143 2861 1220 2925 illue
1247 2862 1406 2926 translata
1428 2861 1468 2926 de
1491 2860 1585 2924 dorne
1608 2856 1724 2937 Pilati,
1754 2869 1786 2919 ct
1807 2854 1866 2919 sub

195 2975 303 3063 lapide
324 2973 437 3038 altaris
459 2985 507 3037 est
525 2982 620 3054 tecta,
643 2974 688 3036 ita
710 2984 744 3037 ut
766 2995 786 3036 a
807 2972 956 3040 fidelibus
978 2979 1082 3063 possit
1103 2980 1210 3062 tangi,
1240 2978 1345 3042 uideri
1367 2990 1400 3042 et
1421 2977 1571 3041 oseulari.
1614 2975 1676 3039 Est
1697 2983 1803 3037 autem
1826 2970 1867 3035 de

196 3092 304 3179 lapide
327 3089 503 3177 porfiritico
525 3087 691 3174 subnigro,
712 3089 836 3154 hahens
857 3090 1000 3155 maculas
1023 3092 1140 3157 rubeas
1161 3093 1361 3176 naturaliter,
1384 3117 1464 3179 quem
1488 3091 1591 3157 credit
1614 3089 1730 3177 uulgus
1751 3090 1867 3153 tinctu·

194 3216 279 3285 rasI)
302 3229 374 3272 esse
396 3207 561 3291 sanguinis
583 3204 715 3272 Christi.

316 3323 393 3388 Alia
414 3344 491 3409 pars
514 3321 684 3406 columpne
704 3321 822 3386 dieitur
842 3323 1000 3388 translata
1023 3347 1093 3389 esse
1117 3325 1439 3413 Constantinopolim.

319 3440 372 3505 De
399 3438 493 3503 altari
525 3437 695 3523 columpne
722 3438 816 3503 huius
845 3453 957 3504 eontra
986 3443 1140 3505 orientem
1170 3442 1212 3506 ad
1234 3443 1266 3505 X
1293 3441 1393 3528 pedes
1426 3440 1632 3505 descenditur
1661 3459 1720 3523 per
1746 3433 1868 3521 gradus

196 3557 338 3624 XLVIII
348 3555 445 3631 ¹¹)4‘II)
468 3553 509 3617 ad
529 3552 645 3634 locum,
667 3553 721 3617 ubi
743 3552 784 3617 ab
806 3554 932 3620 Helena
952 3556 1014 3621 fuit
1037 3580 1117 3621 crux
1139 3558 1280 3623 inuenta.

320 3672 364 3737 Et
385 3681 435 3736 est
455 3669 501 3734 ibi
523 3668 649 3755 capella
671 3680 702 3733 et
723 3669 786 3734 due
809 3670 926 3735 altaria
946 3671 1042 3758 longe
1062 3675 1147 3738 infra
1167 3688 1298 3738 terram.

319 3790 384 3854 Iste
405 3787 494 3851 loeus
505 3835 514 3866 ,
540 3786 573 3848 iu
604 3807 666 3870 quo
688 3786 748 3849 fuit
769 3809 849 3850 crux
872 3788 1017 3870 defossa,
1052 3789 1178 3854 uidetur
1200 3790 1279 3854 mihi
1297 3792 1397 3854 luisse
1419 3812 1517 3853 unum
1540 3787 1580 3852 de
1600 3785 1732 3851 fossatis
1754 3784 1867 3847 ciuita-

192 3910 252 3987 tis,
279 3909 313 3970 in
343 3902 428 3989 quod
459 3923 571 3966 eruces
599 3900 756 3987 depositis
779 3903 968 3989 corporibus
998 3907 1096 3970 misse
1118 3906 1247 3970 fuerunt
1269 3921 1300 3970 et
1321 3906 1460 3990 desuper
1483 3902 1594 3969 sordes
1616 3903 1756 3966 ciuitatis
1779 3922 1863 3965 eom·

192 4032 338 4110 portate,
359 4018 461 4083 donee
486 4040 544 4104 per
565 4016 723 4080 Helenam
747 4018 816 4082 loco
837 4020 991 4086 mundato
1015 4043 1095 4085 crus
1118 4033 1165 4087 est
1187 4025 1328 4086 inuenta.
1370 4021 1479 4106 Prope
1501 4021 1585 4083 enim
1607 4021 1773 4082 ciuitatem
1794 4024 1864 4080 erat

194 4139 284 4205 loeus
306 4136 469 4224 passionis
492 4150 524 4198 et
546 4153 635 4198 ortus
657 4134 690 4197 in
712 4132 782 4198 loeo
802 4134 866 4199 illo.

316 4270 425 4333 Locus
445 4288 533 4346 uero,
554 4267 588 4328 in
610 4287 672 4351 quo
695 4268 784 4329 stetit
804 4265 902 4331 beata
923 4269 1016 4354 uirgo
1038 4292 1109 4334 curm
1131 4270 1318 4334 mulieribus
1341 4269 1413 4332 aliis
1435 4270 1527 4332 iuxta
1549 4288 1676 4331 erucem
1688 4316 1697 4348 ,
1720 4265 1865 4330 nonfuit

194 4386 254 4453 sub
283 4388 354 4472 ipso
384 4382 517 4447 brachio
540 4382 644 4445 erucis
672 4381 714 4445 ad
738 4382 935 4469 aquilonem,
967 4384 1024 4448 sed
1058 4400 1131 4449 ante
1152 4387 1269 4450 faeiem
1292 4384 1349 4449 filii
1371 4386 1438 4449 fere
1462 4383 1503 4447 ad
1526 4382 1733 4447 occidentem.
1773 4379 1864 4443 Mon-

195 4510 316 4568 stratur
339 4502 424 4565 enim
446 4499 534 4563 loeus
558 4500 706 4563 stationis
729 4500 797 4563 eius
819 4512 931 4565 contra
952 4502 1068 4565 faciem
1090 4500 1148 4565 filii
1170 4501 1340 4587 pendentis
1361 4503 1394 4564 in
1416 4522 1512 4565 eruce
1528 4499 1587 4564 sub
1604 4510 1713 4563 monte
1729 4507 1760 4560 et
1774 4509 1865 4580 rupe,

261 4702 289 4771 a)
309 4715 368 4753 eaor
386 4728 417 4735 -
434 4705 591 4767 separatam
611 4697 650 4751 St.
671 4712 717 4750 eus
735 4727 767 4734 -
785 4707 929 4767 separatae
946 4697 972 4752 h.
991 4729 1023 4736 -
1041 4697 1071 4759 b)
1088 4715 1142 4768 per
1161 4704 1209 4753 700
1223 4701 1308 4769 paleo
1326 4697 1359 4752 St
1371 4697 1397 4750 h.
1414 4715 1468 4769 per
1487 4698 1568 4751 CXX
1583 4695 1686 4751 habent
1703 4693 1781 4748 codd.
1794 4696 1864 4746 mat

326 4811 360 4820 —
379 4786 406 4845 c)
422 4799 475 4851 per
492 4782 521 4850 ip
535 4784 619 4851 pectas
637 4779 675 4835 St.
712 4781 773 4834 Hoc
797 4783 825 4849 lg
845 4786 934 4835 ortum
960 4788 1002 4836 est
1024 4800 1056 4836 ex
1075 4799 1188 4836 numero
1209 4788 1245 4837 18.
1272 4813 1305 4823 —
1329 4782 1358 4845 d)
1371 4800 1425 4852 per·
1446 4770 1499 4853 ipa.
1511 4784 1538 4851 (i.
1557 4798 1579 4835 e.
1599 4784 1641 4845 lt)
1654 4779 1739 4848 pedes
1758 4776 1797 4831 St
1811 4792 1866 4845 per·

325 4866 433 4921 XVIII
442 4867 527 4935 pedes
539 4864 563 4917 h.
578 4897 610 4904 -
628 4867 653 4936 e)
672 4864 717 4919 Ab
737 4864 789 4918 hoe
808 4864 891 4919 verbo
909 4866 937 4918 in
951 4864 990 4919 St.
1008 4866 1106 4935 incipit
1125 4882 1218 4919 versus
1235 4884 1331 4933 novus,
1349 4874 1377 4921 et
1394 4866 1513 4936 margini
1532 4861 1671 4932 adscripta
1689 4865 1753 4913 sunt
1766 4858 1866 4914 verba:

326 4952 384 5005 Hie
400 4950 529 5002 enervam
562 4978 595 4987 -
616 4947 643 5015 f)
662 4948 766 5003 Vocab.
786 4951 922 5004 Derrima
948 4966 999 5003 om.
1024 4949 1080 5011 St,
1104 4948 1188 5003 habet
1206 4948 1231 5004 h.
1256 4981 1288 4989 -
1320 4953 1349 5021 g)
1364 4953 1492 5020 picturae
1511 4951 1549 5003 St.
1573 4949 1705 5000 tineamus
1723 4943 1750 4998 h.
1774 4975 1806 4982 -
1833 4940 1864 5007 h)

325 5040 358 5089 99
378 5034 417 5088 St.
436 5031 561 5087 XLVIII
580 5031 605 5086 h.

256 5226 327 5295 495)
354 5222 485 5279 reuoluat
514 5219 595 5277 nobis
625 5219 782 5295 lapidarii]
818 5218 865 5282 Cf.
896 5220 1009 5281 Tobler
1111 5224 1182 5293 498)
1209 5221 1336 5294 inferius
1358 5241 1417 5297 per
1443 5221 1566 5278 XVIII
1584 5218 1685 5294 pedes]
1715 5216 1863 5277 'sublenis

194 5319 282 5399 (iulg.
303 5342 333 5400 p.
357 5323 424 5379 173.
1049 5318 1192 5377 XXVIII
1214 5317 1305 5397 pedes
1327 5318 1396 5378 dare
1416 5319 1539 5378 videtur.
1581 5316 1618 5377 V.
1642 5315 1755 5377 Tobler
1776 5314 1863 5396 Golg.

255 5424 327 5493 496)
352 5416 441 5476 CXX
451 5416 553 5492 pedes]
574 5415 610 5473 V.
634 5414 747 5474 Tobler
767 5413 852 5494 Golg.
873 5438 902 5496 p.
925 5422 975 5479 28.
1049 5440 1076 5498 p.
1100 5424 1167 5480 341.

254 5520 326 5590 497)
348 5515 419 5590 rupi
435 5535 493 5590 per
514 5516 549 5571 X
553 5516 646 5589 VIII]
667 5514 727 5572 Alii
743 5515 842 5592 legunt
856 5516 1007 5579 XXVIII.
1112 5520 1183 5590 499)
1200 5536 1259 5595 per
1278 5518 1393 5593 prodas
1413 5517 1471 5575 XL
1479 5516 1573 5592 VIII]
1596 5515 1632 5574 V.
1646 5514 1760 5576 Tabler
1774 5514 1862 5594 Golg.

194 5616 232 5676 V.
254 5615 368 5676 Tabler
388 5611 476 5691 Golg.
499 5634 527 5691 p.
551 5618 618 5673 257.
1048 5638 1076 5696 p.
1101 5620 1168 5677 308.
