4214 6096
1003 342 1037 417 4¹

192 518 267 596 lios)
288 518 339 582 111
365 516 465 581 leucis
492 517 559 580 fere
588 528 699 583 contra
728 516 956 593 uulturnumh).
1000 516 1045 581 Et
1072 514 1171 579 babet
1198 537 1217 578 a
1245 526 1338 601 parte
1363 515 1537 580 occidentis
1560 529 1591 579 et
1613 516 1771 603 aquilonis
1795 515 1862 602 pla·

191 635 308 699 niciem
330 654 483 718 magnam
506 642 538 696 et
558 654 762 718 pascuosam.

318 747 362 812 Et
383 758 469 828 nota,
491 748 578 835 quod
598 750 661 812 ista
682 759 797 833 quarta
820 747 935 812 diuisio
953 769 1018 811 non
1039 746 1137 811 habet
1158 745 1253 809 uillas
1275 743 1401 831 aliquas
1422 745 1561 833 amplius
1583 749 1665 810 citra
1686 767 1776 809 mare
1799 744 1863 810 Ga·
1883 757 1914 806 10

197 862 285 944 lilee,
308 863 420 927 sedin
442 862 505 927 alio
528 866 595 927 eius
616 863 723 928 littore
746 873 819 927 sunt
841 863 987 926 ciuitates
1006 872 1037 926 et
1056 860 1188 926 castella
1209 859 1305 948 plura
1326 860 1369 925 ad
1389 861 1472 926 hanc
1493 862 1684 926 diuisionem
1704 863 1864 947 pertinen·

194 981 245 1044 cia
266 980 301 1042 in
321 988 409 1042 terra
432 976 753 1061 Gerasenorumm),
778 1000 840 1063 que
859 977 968 1055 hui00)
988 976 1109 1042 directe
1132 987 1181 1041 est
1204 977 1363 1062 opposita.

316 1095 356 1159 In
385 1093 447 1158 hac
475 1103 549 1156 sunt
575 1095 724 1157 ciuitates
753 1092 878 1180 plnres,
916 1103 950 1158 ut
980 1092 1123 1174 Gerasa,
1152 1090 1369 1173 cuderam),
1400 1091 1574 1175 Pella'230),
1602 1091 1716 1174 Sucia,
1754 1114 1774 1156 a
1802 1115 1865 1177 qua
1884 1107 1912 1156 11

195 1210 257 1274 fuit
275 1208 424 1274 Baldach
446 1207 692 1290 Suithesd)'²³¹),
715 1208 947 1290 Theman²³²),
970 1231 989 1272 a
1011 1231 1074 1293 qua
1095 1206 1234 1294 Elipbaz
1261 1206 1484 1289 Themanites,
1507 1218 1539 1272 et
1560 1206 1669 1294 plures
1691 1207 1762 1272 alie.

321 1327 441 1387 Gerasa
463 1336 571 1388 tamen
593 1324 708 1388 ciuitas
730 1325 763 1387 in
784 1323 892 1388 littore
913 1325 1014 1387 maris
1037 1326 1099 1389 sita
1114 1322 1250 1403 Galilee,
1274 1322 1456 1387 submonte
1472 1322 1564 1409 seyr,
1589 1333 1702 1388 contra
1716 1321 1865 1389 Tiberia·
1884 1333 1915 1383 12

195 1439 336 1515 dem²³³)
357 1440 442 1520 fere,
473 1439 529 1503 sed
552 1439 713 1503 modicum
736 1437 901 1503 declinans
925 1437 967 1502 ad
989 1438 1181 1523 aquilonem.
1223 1437 1267 1502 Et
1289 1449 1359 1503 erat
1379 1438 1419 1503 dc
1439 1439 1526 1502 tribu
1546 1438 1698 1502 Manasse
1720 1437 1865 1520 dimidia,

196 1578 258 1643 que
279 1554 364 1619 ultra
384 1553 557 1619 Iordanem
579 1564 698 1620 sortem
720 1563 902 1640 acceperat.

320 1670 364 1734 Et
391 1680 485 1751 nota,
508 1669 593 1757 quod
616 1680 703 1733 terra
724 1671 786 1733 ista
807 1668 894 1733 ultra
913 1691 1002 1733 mare
1025 1667 1150 1733 Galilee
1172 1680 1341 1733 montuosa
1362 1680 1410 1732 est
1431 1668 1541 1752 ualde,
1573 1681 1609 1733 ut
1630 1670 1707 1734 mihi
1729 1669 1867 1752 uidetur,
1886 1683 1917 1733 13

196 1790 273 1873 qnia
302 1808 374 1850 eam
405 1807 470 1850 non
497 1787 627 1849 intraui.
670 1785 714 1848 Et
740 1795 810 1848 erat
831 1783 871 1848 de
891 1807 991 1870 regno
1019 1786 1105 1869 regis
1127 1784 1307 1860 Basan²³⁴l
1341 1807 1401 1871 pro
1421 1793 1522 1870 parte.
1565 1784 1635 1848 Hoc
1657 1808 1716 1871 pro
1741 1793 1867 1878 parte0)

197 1901 306 1989 aliqua
328 1902 445 1965 dicitur
465 1923 556 1965 mons
580 1901 672 1987 Seyr,
693 1901 769 1986 quia
786 1899 876 1963 Esau
897 1900 944 1963 ibi
964 1898 1133 1982 habitauit,
1156 1912 1190 1963 ut
1214 1901 1320 1964 statim
1335 1900 1396 1976 235)
1413 1899 1545 1964 dicetur.
1579 1899 1759 1964 Dicebatur
1781 1903 1867 1965 insu·

196 2040 255 2105 per
279 2016 359 2081 alibi
380 2039 471 2080 mons
494 2016 715 2103 sanyrfiwb,
741 2018 816 2102 quia
838 2014 892 2078 illc
914 2025 983 2078 erat
1005 2015 1039 2077 in
1060 2037 1108 2078 ea.
1150 2016 1230 2079 Item
1254 2014 1421 2079 dicebatur
1439 2038 1530 2080 mons
1545 2016 1768 2099 Herrnon237),
1792 2020 1868 2104 quia

199 2131 345 2198 similiter
366 2132 433 2197 illic
455 2143 532 2197 erat.
574 2131 618 2195 Et
638 2133 685 2194 ita
705 2153 763 2216 pro
787 2130 924 2194 diuersis
945 2129 1024 2194 locis
1047 2140 1079 2194 et
1099 2130 1260 2194 montibus
1284 2131 1422 2195 diuersis
1430 2141 1456 2208 1)
1480 2142 1549 2195 erat
1573 2142 1659 2195 terra
1682 2136 1745 2196 ista
1766 2135 1867 2198 nomi·

196 2248 291 2313 nibus
318 2247 499 2335 appellata3
523 2257 592 2312 tota
620 2257 727 2311 tamen
755 2249 851 2310 cessit
868 2247 902 2310 in
925 2255 1050 2332 partem
1072 2245 1204 2310 dimidie
1225 2246 1329 2310 tribus
1350 2246 1585 2329 Manasse²³³),
1619 2247 1676 2311 sed
1703 2272 1869 2336 nunqnam

200 2386 270 2429 eam
294 2363 455 2450 possedit,
489 2365 565 2450 quia
592 2362 650 2426 filii
672 2362 761 2426 Esau
789 2361 937 2425 habitant
969 2363 1002 2425 in
1025 2383 1063 2424 ea
1085 2383 1144 2446 pro
1167 2373 1259 2447 parte
1281 2385 1383 2448 usque
1404 2365 1438 2426 in
1459 2373 1643 2449 presentem
1665 2363 1759 2429 diem.
1802 2367 1869 2454 Ap·

198 2478 361 2566 pellantur
389 2480 599 2544 communiter
622 2478 794 2542 Sarraceni
806 2526 815 2558 ,
846 2478 922 2563 quia
951 2498 1010 2540 nec
1037 2478 1098 2540 ritu
1118 2499 1178 2541 nec
1200 2477 1311 2564 lingua
1332 2478 1519 2565 discrepant
1546 2478 1588 2542 ab
1612 2481 1673 2560 eis,
1703 2482 1765 2544 nisi
1786 2483 1869 2547 forte

99 2608 104 2619 “
200 2605 333 2660 tonsura
355 2607 386 2659 et
408 2595 533 2659 uestitu.

321 2708 395 2774 Hoc
417 2709 583 2774 sciendum
604 2720 726 2790 tamen,
761 2707 846 2794 quod
875 2707 981 2771 adhuc
1010 2718 1057 2771 cst
1087 2707 1168 2772 alius
1196 2732 1286 2774 mons
1307 2711 1451 2791 Seyr2'39)
1475 2712 1542 2774 siue
1566 2717 1660 2772 Edem
1682 2721 1793 2775 contre
1816 2712 1869 2777 de·
1888 2733 1920 2782 11

200 2840 320 2891 sertum
342 2828 442 2890 maris
464 2825 564 2907 rubri,
587 2824 627 2888 de
651 2846 713 2910 quo
736 2824 854 2887 dieitur
878 2823 1015 2889 Genesis
1028 2826 1085 2902 240)
1107 2823 1197 2907 XIV,
1220 2820 1295 2911 quia'
1312 2825 1621 2904 Chodorleliomorh)
1644 2837 1676 2890 et
1697 2827 1754 2891 alii
1775 2850 1869 2914 reges

200 2963 271 3007 cum
286 2964 323 3006 eo
341 2951 569 3028 percusserunt
580 2938 768 3014 Cherreos¹)
781 2942 855 3021 ²⁴¹),
878 2942 933 3026 qui
947 2939 1096 3004 habitant
1107 2941 1141 3003 in
1159 2953 1265 3005 monte
1280 2941 1371 3027 Seyr.
1407 2941 1472 3022 Qui
1489 2949 1566 3005 tunc
1579 2943 1688 3026 utique
1706 2966 1771 3008 non
1786 2943 1871 3008 diee-

199 3055 296 3122 batur
317 3079 408 3122 mons
422 3059 515 3142 Seyr,
539 3057 616 3142 quia
638 3056 737 3138 Esau,
760 3059 815 3142 qni
826 3056 910 3141 Seyr
932 3054 1035 3119 dictus
1058 3067 1117 3137 est,
1140 3073 1170 3121 et
1192 3080 1211 3121 a
1234 3080 1296 3144 quo
1319 3080 1410 3122 mons
1431 3059 1492 3121 iste
1515 3057 1708 3145 appellatur,
1729 3059 1871 3125 nondum

200 3182 270 3238 erat
294 3185 399 3237 natus.
443 3171 537 3236 Unde
566 3195 623 3258 per
653 3173 918 3258 anticipationem
941 3171 1082 3236 creditur
1110 3195 1180 3238 esse
1207 3173 1337 3238 dictum.
1381 3175 1463 3238 Item
1485 3174 1802 3254 Deuteronomii²⁴²)
1824 3174 1870 3239 ll:

199 3293 401 3366 „Transibitis
419 3312 478 3368 per
500 3293 639 3349 terramus
652 3298 794 3366 fratrum
815 3301 1002 3365 uestrorum,
1015 3293 1149 3370 filiorum
1172 3296 1265 3370 Esau,
1288 3295 1339 3371 qui
1359 3294 1493 3351 dubitant
1515 3294 1546 3351 iu
1568 3295 1663 3373 depr,
1686 3304 1712 3352 et
1734 3296 1872 3353 tiraebuat

201 3412 280 3467 uoa.“
322 3403 396 3469 Hoc
419 3405 524 3490 primo
548 3405 669 3468 dictum
690 3406 751 3468 tirit
773 3404 848 3468 filiis
869 3402 972 3468 lsrael
992 3403 1195 3468 uenientibus
1218 3405 1258 3470 de
1279 3405 1427 3492 Egypto,
1451 3428 1523 3469 cum
1545 3418 1651 3471 essent
1673 3409 1707 3470 in
1729 3406 1836 3472 Gades
1845 3407 1872 3485 k)

267 3556 295 3620 a)
313 3552 348 3604 ab
366 3551 456 3605 aazia
475 3552 513 3606 St.
532 3581 565 3591 ·-
583 3552 611 3625 b)
630 3553 796 3604 taciturnum
813 3552 845 3604 st
858 3551 883 3605 h.
902 3581 935 3591 ·-
953 3551 979 3621 c)
997 3551 1193 3607 [caesareorum
1212 3556 1340 3620 qualine
1360 3555 1399 3611 st.
1426 3585 1452 3593 —
1476 3555 1505 3622 d)
1523 3556 1618 3609 amices
1636 3573 1656 3612 s.
1676 3555 1764 3609 amites
1783 3555 1821 3611 st.
1840 3586 1873 3594 -

332 3639 358 3701 e)
371 3652 428 3704 pro
442 3643 524 3705 parte
541 3636 584 3689 ka
599 3654 655 3705 pro
669 3643 751 3705 purte
768 3634 864 3703 aliqua
883 3632 924 3689 St.
961 3639 1019 3687 Hec
1038 3653 1090 3689 om.
1109 3635 1140 3705 h,
1165 3656 1214 3692 nos
1231 3640 1408 3692 restituimus.
1432 3668 1465 3677 -
1489 3639 1515 3706 f)
1532 3656 1642 3708 meaapr
1661 3639 1700 3692 St.
1723 3669 1754 3677 -
1783 3646 1812 3709 g)
1832 3640 1873 3692 di-

285 3772 290 3789 ,
332 3734 413 3771 uersa
433 3718 472 3853 »Et
490 3720 608 3772 diuersis
624 3718 649 3772 b.
670 3749 702 3757 —
728 3717 756 3789 h)
775 3717 985 3772 cloclolobemor
1003 3716 1043 3773 St.
1064 3751 1097 3758 -
1121 3721 1140 3781 1)
1163 3723 1281 3777 Cloreme
1301 3722 1342 3777 St.
1367 3753 1398 3760 —
1423 3721 1451 3788 k)
1469 3723 1498 3775 iu
1519 3722 1611 3775 eadem
1630 3723 1714 3776 barrte
1731 3721 1772 3777 St.
1791 3725 1872 3777 emko

335 3802 419 3855 damae
457 3844 461 3855 .

261 3943 332 4014 228)
355 3941 386 3996 ia
407 3949 489 3996 terra
515 3937 744 4014 Gerasenorum]
767 3937 813 3999 Of.
837 3961 865 3999 v.
886 3939 1016 3998 Raumer
1059 3965 1124 4004 cum
1146 3945 1271 4024 Apheca
1297 3943 1477 4004 confundere
1506 3942 1620 4003 videtur
1643 3947 1775 4024 scriptor.
1817 3943 1875 4005 Ge·

200 4059 231 4119 p.
252 4042 321 4098 219.
1058 4064 1124 4102 rasa
1143 4045 1220 4103 enim
1241 4064 1320 4103 nunc
1335 4044 1519 4104 Dscherasch
1535 4052 1593 4116 est,
1611 4064 1687 4124 quae
1703 4065 1763 4104 non
1775 4053 1876 4103 contra

263 4138 334 4208 223)
360 4135 493 4211 [ludera]
517 4135 635 4195 Gadara
657 4138 786 4216 antiqua,
807 4135 886 4217 apud
908 4135 1016 4195 Luthe·
1061 4143 1259 4216 Tiberiadem,
1282 4144 1334 4203 sed
1355 4145 1445 4203 multo
1462 4163 1497 4203 ea
1514 4144 1629 4221 longius
1647 4145 1875 4223 septentrionem

200 4255 265 4294 rum
293 4233 406 4307 Gedur,
444 4238 474 4294 51²
506 4235 593 4314 Vulg-
641 4235 756 4309 (iader,
789 4256 867 4295 1111110
898 4242 1020 4293 vocatur
1060 4263 1161 4301 versus
1184 4243 1239 4300 sita
1260 4254 1311 4302 est.
1351 4242 1417 4301 Vid.
1439 4262 1498 4301 van
1519 4240 1556 4300 de
1570 4241 1667 4301 Velde
1681 4263 1710 4321 p.
1727 4247 1795 4316 311,
1815 4243 1876 4301 Rit—

201 4332 354 4393 Um·Keis.
405 4332 442 4393 V.
473 4353 532 4391 van
559 4335 596 4394 de
623 4333 718 4394 Velds
748 4335 871 4393 Memoir
897 4354 925 4412 p.
949 4338 1017 4407 311,
1061 4352 1104 4400 ter
1125 4341 1185 4399 XV
1209 4345 1261 4413 12).
1287 4346 1501 4414 1077-1094,
1530 4361 1589 4401 von
1607 4341 1735 4400 ltaumer
1756 4363 1784 4421 p.
1807 4346 1875 4402 219.

190 4431 246 4493 cf.
270 4432 364 4492 Ritter
384 4432 446 4491 XV
467 4435 518 4506 (l).
539 4437 709 4495 att-384.
1126 4444 1197 4508 234)
1219 4441 1334 4515 Busan]
1366 4439 1401 4500 V.
1430 4459 1457 4499 v.
1487 4440 1615 4500 Raumer
1646 4461 1675 4519 p.
1704 4444 1762 4500 206
1793 4440 1877 4518 regni

267 4535 338 4605 230)
361 4533 390 4590 Ρ
389 4532 457 4606 ‘Hal
485 4552 562 4590 ¹111ssss
589 4544 633 4591 θθῑ
666 4531 809 4590 'l'ubsskflt
834 4531 942 4603 rahel,
972 4530 1020 4589 vel
1063 4541 1161 4599 Basan
1183 4539 1220 4598 de
1240 4540 1347 4599 finibus
1368 4547 1513 4617 agentem.
1557 4539 1598 4597 Et
1623 4538 1659 4599 cf.
1681 4536 1878 4598 Vandeveldii

200 4630 346 4691 Reeril.
379 4630 417 4689 V.
438 4652 497 4689 van
519 4630 554 4690 de
571 4631 666 4691 Valde
688 4650 772 4690 mem.
788 4651 816 4710 p.
835 4634 903 4704 333,
926 4629 1020 4688 Ritter
1060 4638 1192 4698 tabulam
1213 4658 1312 4717 geogr,
1338 4649 1408 4699 οὓς),
1431 4646 1457 4698 4,

200 4729 259 4789 XV
273 4731 324 4802 (2).
340 4733 554 4802 1025-1028,
569 4752 595 4791 v.
608 4731 737 4790 Raumer
749 4751 778 4808 p.
793 4733 852 4788 222
865 4733 1017 4789 11011313.
1123 4742 1192 4812 235)
1216 4738 1324 4813 statim]
1348 4736 1367 4814 ξ
1393 4743 1437 4797 15.

264 4832 336 4902 231)
351 4829 477 4904 Suitlrer]
493 4836 575 4900 uuir}
589 4850 637 4908 ap.
653 4828 742 4887 Hiob.
759 4828 799 4888 Il.
819 4834 869 4900 113
894 4829 1018 4906 populus
1123 4841 1193 4910 236)
1214 4837 1291 4913 Seyr
1312 4869 1351 4879 -
1373 4836 1483 4911 Saupr]
1508 4834 1554 4894 cf.
1576 4836 1615 4894 Η.
1641 4841 1684 4893 10.

202 4928 332 4988 Arabiae
343 4941 490 5007 petraeae,
508 4926 728 5007 componendus
740 4929 940 4987 fortassecum
952 4946 1018 5005 pro·
1123 4940 1194 5009 237)
1219 4956 1299 4993 mons
1320 4935 1461 5009 Her-mon]
1486 4934 1520 4993 V,
1545 4934 1632 4991 Dent.
1650 4934 1707 4992 III.
1731 4937 1758 4993 8.
1781 4939 1808 4994 9,

201 5026 445 5086 vinciaZauuula
466 5026 545 5105 apud
567 5027 769 5086 Ptolemaeum
786 5027 822 5087 V.
843 5033 876 5086 15
899 5046 917 5083 a
932 5027 1017 5083 llata-
1123 5037 1193 5106 238)
1221 5035 1340 5091 dimidie
1368 5033 1462 5090 tribus
1491 5031 1645 5105 Mamaeae]
1676 5029 1722 5091 cf.
1749 5053 1777 5090 v.
1798 5031 1876 5091 Rau·

201 5145 277 5186 nasa
290 5125 329 5184 ad
344 5129 486 5186 orientnm
499 5144 599 5184 versus
614 5126 677 5186 sita.
699 5124 877 5187 Cthsenii
892 5125 948 5184 lex.
958 5129 1017 5194 md.
1061 5154 1122 5194 ωε)
1141 5153 1170 5211 p,
1192 5136 1260 5191 211,

200 5225 242 5285 Et
260 5225 318 5286 vid.
337 5228 367 5285 in
383 5228 580 5292 Vandevoldii
600 5232 659 5292 tab.
680 5252 780 5310 geogr.
797 5240 866 5284 sect·
885 5230 902 5284 4
925 5225 1017 5295 ,157114-
1123 5235 1194 5303 239)
1216 5231 1388 5288 altusmons
1400 5229 1484 5306 Seyr]
1507 5227 1563 5287 Est
1575 5247 1677 5287 recens
1690 5227 1841 5288 Dschebttl
1854 5250 1876 5289 s.

200 5330 257 5389 ltu:
279 5331 365 5408 large.
381 5334 476 5391 ruins:
499 5332 654 5390 Saccuia.“
1060 5329 1264 5392 esch-Schera.
1306 5328 1343 5390 V.
1366 5350 1394 5387 v.
1415 5328 1544 5385 Raumer
1563 5346 1591 5404 p.
1614 5330 1681 5386 240.

263 5433 335 5503 232)
361 5432 499 5507 Theman]
526 5451 604 5489 nunc
631 5430 719 5489 Mean
745 5430 862 5491 dicitur:
893 5429 962 5489 vide
991 5451 1016 5488 v.
1122 5434 1194 5503 240)
1219 5427 1343 5488 Genesis
1364 5430 1418 5485 XI
1422 5427 1460 5502 V]
1482 5445 1509 5483 v.
1536 5430 1622 5485 1-6.

204 5529 334 5592 Rsumm
355 5552 383 5609 p.
407 5534 475 5591 245.
517 5530 613 5589 Ritter
631 5529 692 5587 XV
716 5530 768 5601 (1).
794 5533 859 5592 127.
1125 5533 1195 5602 211)
1223 5527 1376 5602 Cherreos]
1400 5526 1528 5586 Horitas.
1561 5522 1629 5584 Vid.
1655 5524 1743 5584 Dent.
1764 5524 1806 5584 II.
1831 5529 1875 5587 12.

264 5635 336 5705 233)
361 5630 481 5690 Gerasa
508 5662 548 5673 -
576 5638 681 5688 coatra
711 5628 903 5704 'l'iberiudeml
932 5628 1018 5687 Hanc
1122 5631 1193 5700 212)
1218 5626 1437 5685 Deuteronomit'
1457 5622 1509 5697 II]
1534 5643 1560 5685 r.
1583 5628 1610 5682 4.

1652 5738 1667 5786 6
