4214 6096
124 5646 169 5696 h

1064 319 1144 391 '132

705 567 829 633 XXIII.
872 568 934 632 DE
955 568 1123 635 STUDIO
1144 568 1517 636 SARRACENORUM.

245 739 255 788 ι
400 714 575 780 Sciendum
588 729 645 797 est,
661 717 748 803 quod
763 719 827 803 ipsi
846 720 1041 783 conueniunt
1057 721 1091 783 in
1103 719 1248 784 Baldaco
1262 719 1304 783 ad
1319 718 1458 783 studium
1481 716 1523 783 de
1537 719 1675 785 diuersis
1694 723 1874 808 prouinciis
1885 723 1952 802 ¹⁸²).

243 850 258 901 2
399 830 531 895 Habent
563 846 668 895 autem
698 840 730 895 in
753 833 896 898 Baldaco
927 813 1025 920 plura
1051 834 1122 899 loca
1153 835 1213 899 soli
1244 834 1351 900 studio
1381 846 1412 897 et
1441 834 1709 920 contemplacioni
1729 836 1887 923 deputata
1906 838 1950 903 ad

276 947 406 1012 modum
429 969 620 1031 magnorum
641 952 908 1013 monasteriorum
931 966 1131 1031 nostrornm,
1167 962 1198 1015 et
1219 950 1422 1015 venientibus
1444 949 1635 1036 prouidctur
1664 950 1704 1015 dc
1726 954 1890 1017 communi
1909 956 1950 1019 de

276 1063 372 1145 cella,
403 1062 527 1126 scilicet
549 1063 589 1125 de
611 1086 695 1149 pane
717 1077 749 1128 ot
771 1087 871 1150 aqua,
908 1078 938 1127 ct
967 1065 1029 1129 hiis
1052 1068 1192 1130 contenti
1214 1068 1335 1130 instant
1357 1064 1627 1152 contemplacioni
1648 1076 1681 1131 et
1700 1066 1808 1132 studio
1829 1069 1864 1132 in
1884 1090 1950 1135 ma-

276 1180 366 1269 xima
386 1190 587 1264 paupertate.
766 1156 769 1160 Δ

243 1267 259 1384 Ξ
401 1294 436 1356 ln
461 1293 556 1357 scolis
578 1305 683 1357 autem
708 1296 929 1359 communibus
952 1296 997 1359 ibi
1021 1298 1193 1381 exponitur
1216 1296 1398 1378 alcoranus,
1420 1295 1455 1359 id
1477 1307 1525 1360 est
1539 1295 1594 1358 lcx
1609 1294 1815 1361 Machameti.
1848 1298 1949 1363 Num·

243 1423 258 1470 5
277 1431 373 1495 quam
396 1409 441 1472 ibi
463 1411 584 1473 intrant
606 1411 668 1472 nisi
691 1409 827 1494 pedibus
849 1410 1055 1475 discalciatis.
1097 1410 1192 1474 Vnde
1214 1422 1280 1474 tam
1303 1413 1468 1496 magister,
1489 1413 1545 1499 qui
1567 1413 1711 1497 exponit,
1732 1434 1829 1499 quam
1852 1413 1950 1478 disci-

276 1523 361 1610 puli,
389 1524 614 1610 spatiandum,
645 1526 809 1589 dimittunt
834 1526 960 1590 calceos
983 1537 1091 1609 extra,
1122 1539 1154 1590 et
1175 1526 1271 1590 nudis
1291 1526 1429 1613 podibus
1451 1529 1573 1590 intrant
1595 1527 1721 1610 scolas,
1753 1538 1785 1592 et
1808 1528 1951 1594 ibicum

278 1641 421 1703 maxima
441 1640 687 1704 mansuetudine
709 1654 741 1705 et
763 1641 922 1706 modestia
944 1641 1054 1725 legunt
1077 1654 1109 1705 et
1131 1642 1307 1729 disputant.

638 1838 762 1902 xxiv.
806 1840 869 1903 nu
892 1838 1192 1905 ‹annolomeus
1215 1799 1590 1904 snnnncnuonuuj

247 1956 255 2001 l

243 2019 259 2068 2
401 1986 453 2050 De
475 1989 625 2050 oracione
647 2010 724 2050 voro
743 2010 852 2050 eorum
875 1988 953 2074 quid
976 1988 1109 2052 dicam?
1132 1989 1216 2053 Nam
1237 2000 1328 2053 tanta
1349 2000 1398 2052 est
1419 1989 1464 2052 cis
1487 1987 1670 2053 sollicitudo
1692 1991 1726 2052 in
1748 1991 1901 2055 oracione
1919 2004 1950 2056 et

243 2114 367 2168 ttanta
395 2102 548 2181 deuoeio,
578 2103 663 2188 quod
686 2105 803 2189 stupui,
833 2128 903 2167 oum
927 2128 985 2190 per
1008 2107 1246 2191 experiens-iam
1272 2104 1341 2169 vidi
1364 2117 1395 2168 et
1414 2102 1561 2190 probaui.
1604 2104 1688 2168 Nam
1710 2114 1742 2168 et
1763 2126 1824 2189 ego
1846 2106 1949 2182 inm)

277 2219 380 2283 tribus
401 2218 566 2282 mensibus
589 2231 621 2282 et
644 2219 778 2283 dimidio
801 2222 951 2283 continue
972 2222 1018 2283 iui
1040 2235 1071 2283 et
1094 2222 1140 2285 sui
1163 2244 1235 2285 cum
1260 2219 1441 2285 camelariis
1464 2221 1646 2284 sarraconis
1667 2221 1701 2284 in
1723 2218 1852 2284 deserto
1865 2220 1949 2286 Ara-

275 2334 328 2399 bio
355 2348 386 2397 et
407 2334 596 2416 Persarum,
626 2358 685 2398 nce
714 2358 866 2422 vnupianr
892 2332 1026 2425 prqter
1053 2336 1161 2421 aliqua
1190 2337 1379 2401 discrimina
1407 2335 1598 2399 dimiserunt
1619 2335 1747 2400 Arabes
1769 2335 1947 2421 camelarii,

241 2452 353 2538 tquin
375 2453 504 2515 statutis
533 2450 621 2514 horis
644 2465 774 2515 orarent
795 2465 827 2515 et
848 2451 888 2515 do
910 2451 962 2515 die
985 2467 1016 2515 et
1038 2452 1078 2515 de
1110 2466 1220 2533 nocte,
1251 2463 1282 2516 et
1313 2454 1466 2538 precipue
1494 2473 1587 2514 manc
1610 2461 1641 2514 et
1661 2472 1741 2515 sero.
1782 2450 1946 2517 Deuocio-

275 2590 347 2631 nem
370 2577 478 2631 sutem
500 2580 623 2630 tantam
645 2567 677 2629 iu
700 2568 850 2631 oracione
873 2568 1088 2653 protendunt,
1111 2568 1197 2655 quod
1218 2570 1326 2631 onmia
1349 2566 1413 2630 alia
1434 2566 1575 2631 totaliter
1598 2566 1770 2648 dimittunt,
1795 2577 1827 2631 et
1846 2567 1947 2652 aliqui

241 2697 384 2748 teorum
414 2684 586 2768 pristinum
616 2683 710 2746 liu-ici
739 2682 877 2747 colorem
908 2682 1013 2746 subito
1044 2685 1078 2746 in
1106 2683 1263 2769 pallorem
1285 2692 1411 2801 mutaqt
1433 2694 1465 2745 et
1484 2680 1634 2745 videntur
1654 2682 1737 2767 rapi.
1779 2680 1824 2747 Et
1846 2681 1947 2769 aliqui

275 2822 384 2865 eorum
414 2797 552 2875 cadunt,
585 2812 617 2861 ot
644 2797 744 2883 aliqui
773 2798 895 2862 saltant
925 2813 955 2861 ct
982 2822 1094 2863 vocem
1129 2800 1257 2862 variant
1287 2816 1318 2862 et
1347 2809 1443 2884 caput
1472 2800 1636 2878 emittunt,
1670 2799 1717 2861 ita
1737 2797 1824 2883 quod
1846 2797 1947 2886 aliqui

273 2938 384 2981 eorum
407 2915 558 2979 videntur
579 2916 652 3000 rapi
675 2925 706 2977 ct
727 2913 827 3000 aliqui
849 2916 1015 2999 arrepticii
1030 2917 1093 2991 ¹³¹).

240 3032 255 3081 θ
396 3032 435 3097 In
465 3032 614 3095 oracione
643 3030 784 3093 maximo
817 3029 993 3093 obseruant
1021 3029 1184 3116 quandam
1211 3029 1409 3093 mundiciam
1439 3026 1659 3113 corporalem,
1687 3036 1719 3090 et
1739 3026 1828 3093 nullo
1849 3028 1946 3095 modo

274 3147 414 3211 audeant
437 3167 532 3209 orare
553 3146 616 3208 nisi
639 3144 748 3209 lauent
771 3145 833 3209 sibi
856 3145 961 3209 culmn
986 3157 1017 3209 et
1039 3159 1198 3227 ventrem,
1222 3156 1337 3231 postea
1356 3168 1490 3226 manus,
1512 3141 1630 3207 deinde
1651 3144 1782 3226 lucium,
1810 3143 1854 3209 ad
1875 3145 1947 3211 vlti-

273 3284 361 3325 mum
384 3262 511 3347 plantas
530 3261 658 3346 pedmn,
680 3272 712 3325 ot
734 3263 781 3324 sic
803 3275 906 3325 orant.

239 3360 254 3477 ἔ
398 3377 469 3439 Ilec
495 3387 602 3440 autem
632 3376 807 3442 obseruaut
835 3399 945 3441 omnes
980 3400 1088 3442 eorum
1112 3394 1207 3442 secto.
1251 3377 1316 3441 Sed
1337 3375 1475 3461 quedam
1498 3384 1547 3437 est
1567 3374 1652 3436 inter
1674 3394 1728 3438 eos
1751 3384 1857 3457 secta,
1885 3397 1948 3462 que

238 3505 407 3563 evocatur
427 3492 553 3557 Henesa
568 3496 632 3575 ¹⁵⁶),
655 3503 686 3557 et
707 3494 761 3556 isti
783 3504 976 3579 reputantur
998 3493 1071 3558 eliis
1093 3495 1311 3580 perlectiorcs.
1344 3492 1402 3555 Isti
1426 3493 1454 3553 si
1474 3491 1597 3554 intrant
1619 3490 1723 3553 lorum
1745 3502 1777 3554 et
1796 3502 1948 3577 tangeret

272 3630 327 3672 eos
350 3619 431 3691 cata,
453 3609 505 3673 vel
530 3613 636 3691 canis,
659 3609 711 3674 vel
734 3611 861 3690 asinus,
883 3608 935 3671 vel
958 3608 1082 3696 aliquid
1103 3608 1321 3689 immundum,
1350 3628 1415 3670 non
1435 3616 1543 3692 potest
1563 3605 1687 3687 lauari,
1713 3615 1750 3668 vt
1770 3615 1856 3687 oret,
1883 3608 1949 3672 nisi

223 3741 253 3789 to
271 3725 336 3787 sint
357 3723 444 3787 mille
466 3726 631 3811 quingenti
654 3725 750 3789 rotuli
773 3748 862 3812 aque.
906 3724 1000 3789 Vnde
1022 3725 1168 3811 indigent
1189 3724 1298 3788 fluuio.
1342 3721 1482 3803 Quando
1503 3733 1611 3785 autem
1632 3719 1742 3785 volunt
1765 3742 1875 3805 orare,
1898 3722 1947 3787 di-

270 3840 372 3924 gitmn
394 3841 428 3902 in
450 3863 546 3905 anum
568 3841 674 3926 infigit
690 3842 761 3924 ¹³⁰),
789 3854 820 3905 et
837 3843 863 3905 si
887 3842 983 3905 sentit
1005 3841 1127 3929 aliquid
1147 3842 1278 3915 l'ctoris,
1310 3862 1374 3904 non
1396 3850 1445 3901 est
1467 3846 1565 3923 aptus
1586 3848 1623 3899 vt
1643 3848 1728 3918 oret,
1752 3834 1866 3901 sedin
1887 3836 1946 3903 flu·

270 4068 368 4135 nichil
389 4071 501 4134 fetoris
524 4073 664 4147 scilciet,
686 4082 717 4134 et
737 4082 812 4136 tuuc
834 4085 883 4136 cst
904 4086 999 4160 aptus
1022 4097 1124 4138 orare.

270 4268 376 4331 XXV.
419 4266 483 4331 DE
511 4267 771 4333 ELEttosntA
798 4270 857 4334 ET
879 4272 1205 4338 ntlstlluootuun
1229 4266 1592 4335 smumcun'ottt'u
1614 4266 1678 4330 AD
1701 4263 1947 4333 PAUPERES.

239 4436 249 4485 1
394 4416 446 4480 De
466 4416 690 4481 misericordia
711 4418 753 4481 ad
777 4442 936 4504 pauperes
959 4420 1125 4485 sciendum
1148 4433 1211 4502 est,
1238 4420 1324 4507 quod
1347 4419 1519 4483 Sarrae-eni
1551 4427 1624 4479 sunt
1645 4415 1780 4480 maximi
1802 4412 1947 4481 clemosi-

236 4527 361 4644 {narii
405 4532 536 4596 Habent
569 4533 654 4595 enim
681 4534 713 4596 in
741 4533 891 4598 alcorano
915 4537 1060 4600 strictum
1083 4536 1289 4618 triundatuni,
1319 4535 1405 4619 quod
1435 4534 1513 4597 dant
1535 4532 1702 4596 decimani.
1744 4529 1788 4594 Et
1809 4530 1849 4595 de
1871 4531 1945 4616 hiis,

236 4672 331 4737 4que
355 4650 525 4736 acquirunt
547 4670 604 4733 por
626 4647 817 4712 violenciam
839 4672 1016 4733 armorum,
1044 4665 1192 4716 tenentur
1222 4652 1300 4715 (lare
1330 4653 1473 4736 quintam
1493 4659 1631 4735 partem.
1674 4648 1788 4711 Preter
1809 4646 1869 4711 hec
1891 4670 1945 4713 au·

269 4778 334 4830 tem
362 4766 485 4829 faciunt
514 4786 635 4850 magna
656 4775 848 4827 testamenta
871 4780 900 4829 et
923 4781 1046 4853 ponunt
1068 4770 1101 4831 in
1124 4767 1400 4853 grizophilaciiun,
1429 4780 1460 4831 et
1488 4776 1606 4829 statuto
1627 4778 1772 4848 tempore
1794 4766 1945 4849 aperiunt

270 4905 323 4965 ca,
347 4896 379 4946 et
401 4880 479 4944 dant
502 4904 540 4945 ca
563 4880 744 4944 Sarraceno
766 4878 829 4941 fide
854 4880 968 4966 digno,
994 4888 1048 4970 qui
1077 4883 1168 4947 vadit
1192 4884 1233 4947 ad
1257 4884 1403 4946 diuersas
1425 4882 1610 4968 prouincias
1633 4890 1665 4943 et
1686 4879 1823 4943 redemit
1843 4883 1945 4965 capti·

271 5021 327 5063 uos
360 5011 392 5063 et
422 4997 548 5063 sclauos
577 5018 782 5076 sarracenos,
813 4998 867 5082 qui
895 4998 1077 5062 detinentur
1105 5000 1225 5084 captiui
1254 4999 1341 5084 upud
1364 4998 1568 5063 Christianos
1596 4996 1649 5061 vel
1677 4996 1759 5060 alias
1780 4999 1944 5063 naciones.

336 5202 402 5271 182>
425 5200 444 5275 ᾖ
471 5208 482 5261 1
507 5199 688 5278 inscriptioni
710 5200 900 5278 praeponitur
921 5201 950 5258 in
974 5200 1011 5260 G.
1193 5206 1259 5275 1854-
1281 5203 1411 5278 Ileaeso]
1435 5201 1480 5261 Cf.
1494 5201 1597 5261 librum
1617 5201 1803 5282 inscriptum:
1825 5200 1945 5261 uorum

335 5350 401 5417 183)-
426 5348 465 5421 ln]
498 5349 543 5407 Cf·
566 5348 641 5406 infra
662 5368 685 5409 θ’
708 5348 843 5409 XXVIL
866 5351 892 5406 2.
936 5350 974 5406 Iu
996 5348 1084 5428 Pluri-
1125 5312 1280 5414 9111118368
1299 5301 1353 5413 des
1376 5301 1479 5413 'puros-
1501 5300 1750 5423 Ρ8ή1.1747νΤ.
1770 5302 1785 5359 I
1803 5304 1944 5382 112998.

269 5443 323 5501 bu„
345 5445 437 5501 annis·
1125 5400 1175 5459 ubi
1197 5416 1276 5459 secta
1298 5400 1350 5458 illa
1371 5398 1476 5457 dicitur
1495 5400 1631 5472 Ilaarffe.
1676 5398 1787 5458 luttere
1807 5398 1863 5460 XI.
1881 5404 1939 5460 211

1126 5514 1193 5557 eunt
1214 5500 1335 5578 Hanefi.

335 5596 403 5659 lat)
425 5592 622 5663 daemoniaci,
643 5598 726 5656 Italis
748 5603 881 5673 erreti'zj.
1191 5602 1259 5667 too)
1281 5599 1374 5675 injiyit
1397 5618 1454 5656 eni.
1476 5594 1512 5655 G.
