<?xml version="1.0" encoding="UTF-8"?>
<!DOCTYPE html PUBLIC "-//W3C//DTD XHTML 1.0 Transitional//EN"
    "http://www.w3.org/TR/xhtml1/DTD/xhtml1-transitional.dtd">
<html xmlns="http://www.w3.org/1999/xhtml" xml:lang="en" lang="en">
 <head>
  <title>
</title>
<meta http-equiv="Content-Type" content="text/html;charset=utf-8" />
  <meta name='ocr-system' content='tesseract 3.04.00' />
  <meta name='ocr-capabilities' content='ocr_page ocr_carea ocr_par ocr_line ocrx_word'/>
</head>
<body>
  <div class='ocr_page' id='page_1' title='image "./peregrinatoresm00peregoog_0018.png"; bbox 0 0 4214 6096; ppageno 0'>
   <div class='ocr_carea' id='block_1_1' title="bbox 804 1393 1224 1468">
    <p class='ocr_par' dir='ltr' id='par_1_1' title="bbox 804 1393 1224 1468">
     <span class='ocr_line' id='line_1_1' title="bbox 804 1393 1224 1468; baseline -0.002 -1"><span class='ocrx_word' id='word_1_1' title='bbox 804 1393 1224 1468; x_wconf 70' lang='lat' dir='ltr'><strong>onerosis</strong></span> 
     </span>
    </p>
   </div>
   <div class='ocr_carea' id='block_1_2' title="bbox 1005 1577 1032 1629">
    <p class='ocr_par' dir='ltr' id='par_1_2' title="bbox 1005 1577 1032 1629">
     <span class='ocr_line' id='line_1_2' title="bbox 1005 1577 1032 1629; baseline -0.111 0"><span class='ocrx_word' id='word_1_2' title='bbox 1005 1577 1032 1629; x_wconf 89' lang='lat' dir='ltr'><strong>S.</strong></span> 
     </span>
    </p>
   </div>
   <div class='ocr_carea' id='block_1_3' title="bbox 190 1808 1857 4792">
    <p class='ocr_par' dir='ltr' id='par_1_3' title="bbox 190 1808 1855 3404">
     <span class='ocr_line' id='line_1_3' title="bbox 309 1808 1852 1897; baseline -0.001 -24"><span class='ocrx_word' id='word_1_3' title='bbox 309 1810 477 1892; x_wconf 82' lang='lat' dir='ltr'>Omnium,</span> <span class='ocrx_word' id='word_1_4' title='bbox 500 1811 554 1897; x_wconf 91' lang='lat' dir='ltr'><strong>qui</strong></span> <span class='ocrx_word' id='word_1_5' title='bbox 576 1808 682 1873; x_wconf 92' lang='lat' dir='ltr'><strong>medio</strong></span> <span class='ocrx_word' id='word_1_6' title='bbox 705 1830 786 1873; x_wconf 86' lang='lat' dir='ltr'><strong>aevo</strong></span> <span class='ocrx_word' id='word_1_7' title='bbox 807 1820 927 1873; x_wconf 89' lang='lat' dir='ltr'><strong>terram</strong></span> <span class='ocrx_word' id='word_1_8' title='bbox 950 1818 1094 1873; x_wconf 82' lang='lat' dir='ltr'>sanctam</span> <span class='ocrx_word' id='word_1_9' title='bbox 1116 1811 1270 1891; x_wconf 79' lang='lat' dir='ltr'><strong>viserunt,</strong></span> <span class='ocrx_word' id='word_1_10' title='bbox 1292 1812 1573 1897; x_wconf 81' lang='lat' dir='ltr'><strong>peregrinatorum</strong></span> <span class='ocrx_word' id='word_1_11' title='bbox 1595 1810 1781 1874; x_wconf 81' lang='lat' dir='ltr'><strong>notissimus</strong></span> <span class='ocrx_word' id='word_1_12' title='bbox 1803 1820 1852 1872; x_wconf 87' lang='lat' dir='ltr'><strong>est</strong></span> 
     </span>
     <span class='ocr_line' id='line_1_4' title="bbox 192 1923 1851 2008; baseline -0.002 -20"><span class='ocrx_word' id='word_1_13' title='bbox 192 1923 393 1989; x_wconf 76' lang='lat' dir='ltr'><strong>bruchardus</strong></span> <span class='ocrx_word' id='word_1_14' title='bbox 416 1925 456 1990; x_wconf 88' lang='lat' dir='ltr'><strong>de</strong></span> <span class='ocrx_word' id='word_1_15' title='bbox 477 1924 587 1989; x_wconf 83' lang='lat' dir='ltr'>Monte</span> <span class='ocrx_word' id='word_1_16' title='bbox 609 1923 697 2006; x_wconf 86' lang='lat' dir='ltr'>Sion,</span> <span class='ocrx_word' id='word_1_17' title='bbox 719 1927 770 1989; x_wconf 92' lang='lat' dir='ltr'><strong>cui</strong></span> <span class='ocrx_word' id='word_1_18' title='bbox 790 1928 872 2006; x_wconf 81' lang='lat' dir='ltr'><strong>„sive</strong></span> <span class='ocrx_word' id='word_1_19' title='bbox 893 1928 1103 1987; x_wconf 77' lang='lat' dir='ltr'><strong>narrationum</strong></span> <span class='ocrx_word' id='word_1_20' title='bbox 1117 1930 1209 2008; x_wconf 81' lang='lat' dir='ltr'><strong>fidem</strong></span> <span class='ocrx_word' id='word_1_21' title='bbox 1228 1924 1293 1991; x_wconf 79' lang='grc' dir='ltr'><strong>καὶ</strong></span> <span class='ocrx_word' id='word_1_22' title='bbox 1317 1925 1466 2007; x_wconf 79' lang='grc' dir='ltr'><strong><em>ἐνεργεῖ</em></strong></span> <span class='ocrx_word' id='word_1_23' title='bbox 1473 1950 1519 1989; x_wconf 83' lang='lat' dir='ltr'><strong>ar</strong></span> <span class='ocrx_word' id='word_1_24' title='bbox 1525 1976 1533 2007; x_wconf 96' lang='lat'><strong>,</strong></span> <span class='ocrx_word' id='word_1_25' title='bbox 1559 1930 1619 1987; x_wconf 85' lang='lat' dir='ltr'><strong>sive</strong></span> <span class='ocrx_word' id='word_1_26' title='bbox 1646 1928 1851 2007; x_wconf 73' lang='lat' dir='ltr'><em>exquisitionis</em></span> 
     </span>
     <span class='ocr_line' id='line_1_5' title="bbox 192 2044 1849 2122; baseline 0.001 -22"><span class='ocrx_word' id='word_1_27' title='bbox 192 2045 233 2101; x_wconf 83' lang='lat' dir='ltr'><strong>ael</strong></span> <span class='ocrx_word' id='word_1_28' title='bbox 256 2064 319 2103; x_wconf 83' lang='lat' dir='ltr'><strong>cum</strong></span> <span class='ocrx_word' id='word_1_29' title='bbox 345 2064 456 2102; x_wconf 79' lang='lat' dir='ltr'><strong>sarnaio</strong></span> <span class='ocrx_word' id='word_1_30' title='bbox 474 2044 610 2120; x_wconf 85' lang='lat' dir='ltr'><strong>periculo</strong></span> <span class='ocrx_word' id='word_1_31' title='bbox 631 2044 804 2102; x_wconf 82' lang='lat' dir='ltr'><strong>coniunctae</strong></span> <span class='ocrx_word' id='word_1_32' title='bbox 824 2044 1004 2102; x_wconf 82' lang='lat' dir='ltr'><strong>industriam</strong></span> <span class='ocrx_word' id='word_1_33' title='bbox 1031 2046 1078 2101; x_wconf 85' lang='lat' dir='ltr'><strong>vel</strong></span> <span class='ocrx_word' id='word_1_34' title='bbox 1093 2046 1352 2120; x_wconf 81' lang='lat' dir='ltr'><strong>perseuerantiam</strong></span> <span class='ocrx_word' id='word_1_35' title='bbox 1374 2055 1503 2122; x_wconf 82' lang='lat' dir='ltr'><strong>spectes,</strong></span> <span class='ocrx_word' id='word_1_36' title='bbox 1531 2047 1664 2121; x_wconf 68' lang='lat' dir='ltr'><strong>palariam</strong></span> <span class='ocrx_word' id='word_1_37' title='bbox 1680 2044 1778 2117; x_wconf 83' lang='lat' dir='ltr'><strong>facile</strong></span> <span class='ocrx_word' id='word_1_38' title='bbox 1801 2046 1849 2101; x_wconf 81' lang='lat' dir='ltr'><strong>dc·</strong></span> 
     </span>
     <span class='ocr_line' id='line_1_6' title="bbox 192 2154 1851 2244; baseline 0.001 -28"><span class='ocrx_word' id='word_1_39' title='bbox 192 2160 265 2217; x_wconf 53' lang='lat' dir='ltr'><strong>tent‘</strong></span> <span class='ocrx_word' id='word_1_40' title='bbox 287 2168 375 2220; x_wconf 89' lang='lat' dir='ltr'><strong>recte</strong></span> <span class='ocrx_word' id='word_1_41' title='bbox 396 2166 504 2221; x_wconf 90' lang='lat' dir='ltr'><strong>censet</strong></span> <span class='ocrx_word' id='word_1_42' title='bbox 525 2155 722 2221; x_wconf 85' lang='lat' dir='ltr'><strong>Reineceius.</strong></span> <span class='ocrx_word' id='word_1_43' title='bbox 764 2154 876 2241; x_wconf 84' lang='lat' dir='ltr'>Neque</span> <span class='ocrx_word' id='word_1_44' title='bbox 898 2155 991 2220; x_wconf 89' lang='lat' dir='ltr'><strong>aliter</strong></span> <span class='ocrx_word' id='word_1_45' title='bbox 1012 2155 1135 2221; x_wconf 88' lang='lat' dir='ltr'><strong>iudicat</strong></span> <span class='ocrx_word' id='word_1_46' title='bbox 1155 2157 1401 2239; x_wconf 76' lang='lat' dir='ltr'><strong>Adi-ichomius,</strong></span> <span class='ocrx_word' id='word_1_47' title='bbox 1424 2159 1479 2244; x_wconf 92' lang='lat' dir='ltr'><strong>qui</strong></span> <span class='ocrx_word' id='word_1_48' title='bbox 1500 2160 1778 2237; x_wconf 69' lang='lat' dir='ltr'><strong>‚permansuerunt</strong></span> <span class='ocrx_word' id='word_1_49' title='bbox 1799 2160 1851 2218; x_wconf 79' lang='lat' dir='ltr'><strong>la-</strong></span> 
     </span>
     <span class='ocr_line' id='line_1_7' title="bbox 191 2272 1852 2353; baseline 0.001 -23"><span class='ocrx_word' id='word_1_50' title='bbox 191 2272 258 2347; x_wconf 83' lang='lat' dir='ltr'><strong>luit,</strong></span> <span class='ocrx_word' id='word_1_51' title='bbox 287 2294 346 2333; x_wconf 91' lang='lat' dir='ltr'><strong>non</strong></span> <span class='ocrx_word' id='word_1_52' title='bbox 366 2275 467 2349; x_wconf 81' lang='lat' dir='ltr'><strong>faisse</strong></span> <span class='ocrx_word' id='word_1_53' title='bbox 498 2294 641 2353; x_wconf 82' lang='lat' dir='ltr'><strong>unquam,</strong></span> <span class='ocrx_word' id='word_1_54' title='bbox 670 2275 720 2351; x_wconf 75' lang='lat' dir='ltr'><strong>qui</strong></span> <span class='ocrx_word' id='word_1_55' title='bbox 745 2274 870 2332; x_wconf 82' lang='lat' dir='ltr'><strong>voluerit</strong></span> <span class='ocrx_word' id='word_1_56' title='bbox 901 2274 1012 2352; x_wconf 66' lang='lat' dir='ltr'><strong>magis,</strong></span> <span class='ocrx_word' id='word_1_57' title='bbox 1047 2284 1099 2333; x_wconf 85' lang='lat' dir='ltr'><strong>aut</strong></span> <span class='ocrx_word' id='word_1_58' title='bbox 1129 2296 1199 2334; x_wconf 82' lang='lat' dir='ltr'><strong>acro</strong></span> <span class='ocrx_word' id='word_1_59' title='bbox 1226 2277 1314 2335; x_wconf 85' lang='lat' dir='ltr'><strong>etiarn</strong></span> <span class='ocrx_word' id='word_1_60' title='bbox 1337 2277 1471 2353; x_wconf 81' lang='lat' dir='ltr'><strong>potnerit</strong></span> <span class='ocrx_word' id='word_1_61' title='bbox 1498 2276 1599 2335; x_wconf 74' lang='lat' dir='ltr'><strong>arelius</strong></span> <span class='ocrx_word' id='word_1_62' title='bbox 1625 2282 1792 2352; x_wconf 83' lang='lat' dir='ltr'><strong>perfectam</strong></span> <span class='ocrx_word' id='word_1_63' title='bbox 1825 2284 1852 2333; x_wconf 82' lang='lat' dir='ltr'><strong>et</strong></span> 
     </span>
     <span class='ocr_line' id='line_1_8' title="bbox 190 2386 1849 2474; baseline 0.003 -29"><span class='ocrx_word' id='word_1_64' title='bbox 190 2390 343 2465; x_wconf 74' lang='lat' dir='ltr'><em>simplicem</em></span> <span class='ocrx_word' id='word_1_65' title='bbox 379 2393 529 2469; x_wconf 81' lang='lat' dir='ltr'><strong>quandum</strong></span> <span class='ocrx_word' id='word_1_66' title='bbox 558 2393 600 2448; x_wconf 86' lang='lat' dir='ltr'><strong>ad</strong></span> <span class='ocrx_word' id='word_1_67' title='bbox 625 2391 711 2448; x_wconf 82' lang='lat' dir='ltr'><strong>laius</strong></span> <span class='ocrx_word' id='word_1_68' title='bbox 739 2389 785 2447; x_wconf 84' lang='lat' dir='ltr'><strong>rei</strong></span> <span class='ocrx_word' id='word_1_69' title='bbox 814 2388 1004 2466; x_wconf 67' lang='lat' dir='ltr'><strong>cognitionem</strong></span> <span class='ocrx_word' id='word_1_70' title='bbox 1036 2389 1115 2448; x_wconf 58' lang='lat' dir='ltr'><strong>triam</strong></span> <span class='ocrx_word' id='word_1_71' title='bbox 1143 2400 1284 2453; x_wconf 81' lang='lat' dir='ltr'><strong>sternere.</strong></span> <span class='ocrx_word' id='word_1_72' title='bbox 1336 2386 1444 2469; x_wconf 78' lang='lat' dir='ltr'><strong>Quum</strong></span> <span class='ocrx_word' id='word_1_73' title='bbox 1469 2390 1568 2474; x_wconf 88' lang='lat' dir='ltr'><strong>igitur</strong></span> <span class='ocrx_word' id='word_1_74' title='bbox 1596 2398 1687 2451; x_wconf 88' lang='lat' dir='ltr'><strong>tanta</strong></span> <span class='ocrx_word' id='word_1_75' title='bbox 1717 2389 1758 2451; x_wconf 83' lang='lat' dir='ltr'><strong>sit</strong></span> <span class='ocrx_word' id='word_1_76' title='bbox 1787 2388 1849 2451; x_wconf 84' lang='lat' dir='ltr'><strong>viri</strong></span> 
     </span>
     <span class='ocr_line' id='line_1_9' title="bbox 191 2501 1854 2591; baseline 0.001 -26"><span class='ocrx_word' id='word_1_77' title='bbox 191 2506 401 2587; x_wconf 76' lang='lat' dir='ltr'><strong>praestantia,</strong></span> <span class='ocrx_word' id='word_1_78' title='bbox 438 2525 501 2568; x_wconf 92' lang='lat' dir='ltr'><strong>non</strong></span> <span class='ocrx_word' id='word_1_79' title='bbox 537 2501 571 2566; x_wconf 92' lang='lat' dir='ltr'><strong>id</strong></span> <span class='ocrx_word' id='word_1_80' title='bbox 605 2502 733 2589; x_wconf 90' lang='lat' dir='ltr'><strong>quidem</strong></span> <span class='ocrx_word' id='word_1_81' title='bbox 763 2503 881 2565; x_wconf 87' lang='lat' dir='ltr'><strong>mirum</strong></span> <span class='ocrx_word' id='word_1_82' title='bbox 916 2512 981 2584; x_wconf 87' lang='lat' dir='ltr'><strong>est,</strong></span> <span class='ocrx_word' id='word_1_83' title='bbox 1021 2501 1138 2567; x_wconf 90' lang='lat' dir='ltr'><strong>librum</strong></span> <span class='ocrx_word' id='word_1_84' title='bbox 1166 2503 1234 2569; x_wconf 85' lang='lat' dir='ltr'><strong>eius</strong></span> <span class='ocrx_word' id='word_1_85' title='bbox 1263 2527 1495 2591; x_wconf 84' lang='lat' dir='ltr'><strong>saepenumero</strong></span> <span class='ocrx_word' id='word_1_86' title='bbox 1524 2503 1645 2568; x_wconf 90' lang='lat' dir='ltr'><strong>editum</strong></span> <span class='ocrx_word' id='word_1_87' title='bbox 1672 2525 1760 2586; x_wconf 86' lang='lat' dir='ltr'><strong>esse,</strong></span> <span class='ocrx_word' id='word_1_88' title='bbox 1797 2502 1854 2567; x_wconf 87' lang='lat' dir='ltr'><strong>sed</strong></span> 
     </span>
     <span class='ocr_line' id='line_1_10' title="bbox 190 2616 1853 2705; baseline 0.001 -24"><span class='ocrx_word' id='word_1_89' title='bbox 190 2616 265 2683; x_wconf 91' lang='lat' dir='ltr'><strong>illud</strong></span> <span class='ocrx_word' id='word_1_90' title='bbox 293 2641 372 2684; x_wconf 86' lang='lat' dir='ltr'><strong>sane</strong></span> <span class='ocrx_word' id='word_1_91' title='bbox 399 2621 455 2683; x_wconf 87' lang='lat' dir='ltr'><strong>vix</strong></span> <span class='ocrx_word' id='word_1_92' title='bbox 487 2618 622 2700; x_wconf 88' lang='lat' dir='ltr'><strong>credas,</strong></span> <span class='ocrx_word' id='word_1_93' title='bbox 656 2618 770 2703; x_wconf 82' lang='lat' dir='ltr'><strong>viginti</strong></span> <span class='ocrx_word' id='word_1_94' title='bbox 798 2617 952 2704; x_wconf 90' lang='lat' dir='ltr'><strong>amplius,</strong></span> <span class='ocrx_word' id='word_1_95' title='bbox 988 2640 1070 2705; x_wconf 89' lang='lat' dir='ltr'><strong>quae</strong></span> <span class='ocrx_word' id='word_1_96' title='bbox 1098 2630 1241 2703; x_wconf 86' lang='lat' dir='ltr'><strong>exstent,</strong></span> <span class='ocrx_word' id='word_1_97' title='bbox 1275 2619 1460 2685; x_wconf 85' lang='lat' dir='ltr'><strong>Barchardi</strong></span> <span class='ocrx_word' id='word_1_98' title='bbox 1492 2619 1667 2684; x_wconf 84' lang='lat' dir='ltr'><strong>editionum</strong></span> <span class='ocrx_word' id='word_1_99' title='bbox 1693 2629 1724 2682; x_wconf 92' lang='lat' dir='ltr'><strong>et</strong></span> <span class='ocrx_word' id='word_1_100' title='bbox 1756 2620 1853 2682; x_wconf 87' lang='lat' dir='ltr'><strong>inter-</strong></span> 
     </span>
     <span class='ocr_line' id='line_1_11' title="bbox 191 2732 1854 2823; baseline 0 -25"><span class='ocrx_word' id='word_1_101' title='bbox 191 2736 402 2819; x_wconf 88' lang='lat' dir='ltr'><strong>pretationum</strong></span> <span class='ocrx_word' id='word_1_102' title='bbox 435 2758 475 2799; x_wconf 92' lang='lat' dir='ltr'><strong>ne</strong></span> <span class='ocrx_word' id='word_1_103' title='bbox 503 2757 600 2799; x_wconf 90' lang='lat' dir='ltr'><strong>unam</strong></span> <span class='ocrx_word' id='word_1_104' title='bbox 631 2732 761 2818; x_wconf 89' lang='lat' dir='ltr'><strong>quidem</strong></span> <span class='ocrx_word' id='word_1_105' title='bbox 794 2733 867 2819; x_wconf 89' lang='lat' dir='ltr'><strong>ipsa</strong></span> <span class='ocrx_word' id='word_1_106' title='bbox 898 2734 1067 2821; x_wconf 88' lang='lat' dir='ltr'><strong>scriptoris</strong></span> <span class='ocrx_word' id='word_1_107' title='bbox 1102 2734 1202 2800; x_wconf 87' lang='lat' dir='ltr'><strong>verba</strong></span> <span class='ocrx_word' id='word_1_108' title='bbox 1234 2758 1404 2818; x_wconf 77' lang='lat' dir='ltr'><strong>rerumve,</strong></span> <span class='ocrx_word' id='word_1_109' title='bbox 1444 2756 1538 2823; x_wconf 89' lang='lat' dir='ltr'><strong>quem</strong></span> <span class='ocrx_word' id='word_1_110' title='bbox 1564 2733 1691 2815; x_wconf 87' lang='lat' dir='ltr'><strong>dieunt,</strong></span> <span class='ocrx_word' id='word_1_111' title='bbox 1729 2746 1854 2798; x_wconf 89' lang='lat' dir='ltr'><strong>textum</strong></span> 
     </span>
     <span class='ocr_line' id='line_1_12' title="bbox 194 2848 1854 2937; baseline 0.001 -24"><span class='ocrx_word' id='word_1_112' title='bbox 194 2850 358 2935; x_wconf 86' lang='lat' dir='ltr'><strong>praebere.</strong></span> <span class='ocrx_word' id='word_1_113' title='bbox 402 2849 489 2930; x_wconf 77' lang='lat' dir='ltr'><strong>Quid</strong></span> <span class='ocrx_word' id='word_1_114' title='bbox 510 2849 596 2936; x_wconf 91' lang='lat' dir='ltr'><strong>quod</strong></span> <span class='ocrx_word' id='word_1_115' title='bbox 617 2872 658 2913; x_wconf 90' lang='lat' dir='ltr'><strong>ne</strong></span> <span class='ocrx_word' id='word_1_116' title='bbox 680 2849 719 2912; x_wconf 88' lang='lat' dir='ltr'><strong>de</strong></span> <span class='ocrx_word' id='word_1_117' title='bbox 741 2849 869 2913; x_wconf 90' lang='lat' dir='ltr'><strong>nomine</strong></span> <span class='ocrx_word' id='word_1_118' title='bbox 890 2849 1019 2937; x_wconf 91' lang='lat' dir='ltr'><strong>quidem</strong></span> <span class='ocrx_word' id='word_1_119' title='bbox 1041 2853 1109 2916; x_wconf 89' lang='lat' dir='ltr'><strong>eins</strong></span> <span class='ocrx_word' id='word_1_120' title='bbox 1130 2855 1214 2916; x_wconf 89' lang='lat' dir='ltr'><strong>inter</strong></span> <span class='ocrx_word' id='word_1_121' title='bbox 1243 2874 1353 2917; x_wconf 91' lang='lat' dir='ltr'><strong>omnes</strong></span> <span class='ocrx_word' id='word_1_122' title='bbox 1376 2862 1517 2931; x_wconf 88' lang='lat' dir='ltr'><strong>constat,</strong></span> <span class='ocrx_word' id='word_1_123' title='bbox 1549 2872 1647 2936; x_wconf 88' lang='lat' dir='ltr'><strong>quum</strong></span> <span class='ocrx_word' id='word_1_124' title='bbox 1668 2848 1759 2914; x_wconf 87' lang='lat' dir='ltr'><strong>multi</strong></span> <span class='ocrx_word' id='word_1_125' title='bbox 1781 2872 1854 2915; x_wconf 92' lang='lat' dir='ltr'><strong>eum</strong></span> 
     </span>
     <span class='ocr_line' id='line_1_13' title="bbox 193 2964 1853 3053; baseline 0 -23"><span class='ocrx_word' id='word_1_126' title='bbox 193 2964 410 3049; x_wconf 89' lang='lat' dir='ltr'><strong>Brocardum,</strong></span> <span class='ocrx_word' id='word_1_127' title='bbox 442 2965 585 3031; x_wconf 91' lang='lat' dir='ltr'><strong>nonnulli</strong></span> <span class='ocrx_word' id='word_1_128' title='bbox 606 2964 808 3030; x_wconf 85' lang='lat' dir='ltr'><strong>Borcardum</strong></span> <span class='ocrx_word' id='word_1_129' title='bbox 829 2964 1053 3031; x_wconf 84' lang='lat' dir='ltr'><strong>Borchardum</strong></span> <span class='ocrx_word' id='word_1_130' title='bbox 1073 2966 1301 3053; x_wconf 89' lang='lat' dir='ltr'><strong>Borghardum</strong></span> <span class='ocrx_word' id='word_1_131' title='bbox 1322 2967 1527 3053; x_wconf 88' lang='lat' dir='ltr'><strong>Bargardum</strong></span> <span class='ocrx_word' id='word_1_132' title='bbox 1554 2966 1728 3047; x_wconf 84' lang='lat' dir='ltr'><strong>nominent,</strong></span> <span class='ocrx_word' id='word_1_133' title='bbox 1749 2987 1853 3045; x_wconf 88' lang='lat' dir='ltr'><strong>nemo,</strong></span> 
     </span>
     <span class='ocr_line' id='line_1_14' title="bbox 191 3081 1855 3168; baseline 0.001 -23"><span class='ocrx_word' id='word_1_134' title='bbox 191 3103 249 3147; x_wconf 90' lang='lat' dir='ltr'><strong>uno</strong></span> <span class='ocrx_word' id='word_1_135' title='bbox 271 3081 404 3147; x_wconf 82' lang='lat' dir='ltr'><strong>Canisio</strong></span> <span class='ocrx_word' id='word_1_136' title='bbox 426 3092 574 3168; x_wconf 83' lang='lat' dir='ltr'><strong>excepto,</strong></span> <span class='ocrx_word' id='word_1_137' title='bbox 596 3081 727 3168; x_wconf 89' lang='lat' dir='ltr'><strong>plenum</strong></span> <span class='ocrx_word' id='word_1_138' title='bbox 749 3081 816 3146; x_wconf 88' lang='lat' dir='ltr'><strong>eius</strong></span> <span class='ocrx_word' id='word_1_139' title='bbox 838 3103 954 3146; x_wconf 90' lang='lat' dir='ltr'><strong>nomen</strong></span> <span class='ocrx_word' id='word_1_140' title='bbox 976 3085 1071 3165; x_wconf 90' lang='lat' dir='ltr'><strong>norit,</strong></span> <span class='ocrx_word' id='word_1_141' title='bbox 1094 3086 1266 3168; x_wconf 83' lang='lat' dir='ltr'><strong>agnomine</strong></span> <span class='ocrx_word' id='word_1_142' title='bbox 1289 3090 1324 3147; x_wconf 76' lang='lat' dir='ltr'><strong>ote</strong></span> <span class='ocrx_word' id='word_1_143' title='bbox 1344 3090 1446 3147; x_wconf 84' lang='lat' dir='ltr'><strong>Monte</strong></span> <span class='ocrx_word' id='word_1_144' title='bbox 1461 3087 1533 3145; x_wconf 79' lang='lat' dir='ltr'><strong>Sion</strong></span> <span class='ocrx_word' id='word_1_145' title='bbox 1555 3081 1597 3147; x_wconf 86' lang='lat' dir='ltr'><strong>ab</strong></span> <span class='ocrx_word' id='word_1_146' title='bbox 1619 3082 1766 3147; x_wconf 86' lang='lat' dir='ltr'><strong>omnibus</strong></span> <span class='ocrx_word' id='word_1_147' title='bbox 1788 3084 1855 3147; x_wconf 83' lang='lat' dir='ltr'><strong>t&#39;ere</strong></span> 
     </span>
     <span class='ocr_line' id='line_1_15' title="bbox 191 3194 1855 3284; baseline 0.001 -23"><span class='ocrx_word' id='word_1_148' title='bbox 191 3196 330 3262; x_wconf 88' lang='lat' dir='ltr'><strong>omisso‘l</strong></span> <span class='ocrx_word' id='word_1_149' title='bbox 352 3196 447 3277; x_wconf 80' lang='lat' dir='ltr'><strong>Quod</strong></span> <span class='ocrx_word' id='word_1_150' title='bbox 468 3195 653 3262; x_wconf 91' lang='lat' dir='ltr'><strong>addendum</strong></span> <span class='ocrx_word' id='word_1_151' title='bbox 676 3219 746 3261; x_wconf 90' lang='lat' dir='ltr'><strong>esse</strong></span> <span class='ocrx_word' id='word_1_152' title='bbox 769 3196 863 3261; x_wconf 87' lang='lat' dir='ltr'><strong>docet</strong></span> <span class='ocrx_word' id='word_1_153' title='bbox 884 3194 1020 3283; x_wconf 88' lang='lat' dir='ltr'><strong>epistola</strong></span> <span class='ocrx_word' id='word_1_154' title='bbox 1044 3197 1255 3283; x_wconf 81' lang='lat' dir='ltr'><strong>dedicatoria,</strong></span> <span class='ocrx_word' id='word_1_155' title='bbox 1276 3199 1382 3265; x_wconf 88' lang='lat' dir='ltr'><strong>tribus</strong></span> <span class='ocrx_word' id='word_1_156' title='bbox 1403 3198 1704 3264; x_wconf 84' lang='lat' dir='ltr'><strong>vratislavicnsibus</strong></span> <span class='ocrx_word' id='word_1_157' title='bbox 1720 3198 1855 3284; x_wconf 89' lang='lat' dir='ltr'><strong>aliisque</strong></span> 
     </span>
     <span class='ocr_line' id='line_1_16' title="bbox 192 3312 1662 3404; baseline 0.001 -28"><span class='ocrx_word' id='word_1_158' title='bbox 192 3312 330 3377; x_wconf 88' lang='lat' dir='ltr'><strong>eiusdem</strong></span> <span class='ocrx_word' id='word_1_159' title='bbox 352 3334 425 3377; x_wconf 89' lang='lat' dir='ltr'><strong>eum</strong></span> <span class='ocrx_word' id='word_1_160' title='bbox 445 3313 683 3378; x_wconf 87' lang='lat' dir='ltr'><strong>vratislaviensi</strong></span> <span class='ocrx_word' id='word_1_161' title='bbox 703 3312 831 3399; x_wconf 89' lang='lat' dir='ltr'><strong>generis</strong></span> <span class='ocrx_word' id='word_1_162' title='bbox 854 3312 1020 3378; x_wconf 79' lang='lat' dir='ltr'><strong>codicibus</strong></span> <span class='ocrx_word' id='word_1_163' title='bbox 1041 3337 1231 3400; x_wconf 84' lang='lat' dir='ltr'><strong>praemissa,</strong></span> <span class='ocrx_word' id='word_1_164' title='bbox 1255 3339 1339 3404; x_wconf 87' lang='lat' dir='ltr'><strong>quae</strong></span> <span class='ocrx_word' id='word_1_165' title='bbox 1361 3317 1476 3403; x_wconf 86' lang='lat' dir='ltr'><strong>incipit</strong></span> <span class='ocrx_word' id='word_1_166' title='bbox 1498 3338 1517 3379; x_wconf 91' lang='lat' dir='ltr'><strong>a</strong></span> <span class='ocrx_word' id='word_1_167' title='bbox 1540 3314 1662 3380; x_wconf 83' lang='lat' dir='ltr'><strong>verbis:</strong></span> 
     </span>
    </p>

    <p class='ocr_par' dir='ltr' id='par_1_4' title="bbox 354 3432 1566 3508">
     <span class='ocr_line' id='line_1_17' title="bbox 354 3432 1566 3508; baseline 0.005 -18"><span class='ocrx_word' id='word_1_168' title='bbox 354 3432 466 3490; x_wconf 84' lang='lat' dir='ltr'><strong>Fratri</strong></span> <span class='ocrx_word' id='word_1_169' title='bbox 487 3434 667 3491; x_wconf 75' lang='lat' dir='ltr'><strong>Burcltardo</strong></span> <span class='ocrx_word' id='word_1_170' title='bbox 689 3432 720 3490; x_wconf 85' lang='lat' dir='ltr'><strong>in</strong></span> <span class='ocrx_word' id='word_1_171' title='bbox 743 3433 929 3508; x_wconf 75' lang='lat' dir='ltr'><strong>llopdcburp</strong></span> <span class='ocrx_word' id='word_1_172' title='bbox 950 3434 1065 3492; x_wconf 81' lang='lat' dir='ltr'><strong>Frater</strong></span> <span class='ocrx_word' id='word_1_173' title='bbox 1085 3436 1284 3493; x_wconf 79' lang='lat' dir='ltr'><strong>Burclterdus</strong></span> <span class='ocrx_word' id='word_1_174' title='bbox 1306 3438 1341 3493; x_wconf 85' lang='lat' dir='ltr'><strong>dc</strong></span> <span class='ocrx_word' id='word_1_175' title='bbox 1363 3438 1464 3495; x_wconf 81' lang='lat' dir='ltr'><strong>Monte</strong></span> <span class='ocrx_word' id='word_1_176' title='bbox 1486 3435 1566 3496; x_wconf 82' lang='lat' dir='ltr'><strong>Sion.</strong></span> 
     </span>
    </p>

    <p class='ocr_par' dir='ltr' id='par_1_5' title="bbox 190 3542 1855 3860">
     <span class='ocr_line' id='line_1_18' title="bbox 312 3542 1855 3630; baseline -0.001 -21"><span class='ocrx_word' id='word_1_177' title='bbox 312 3542 511 3630; x_wconf 87' lang='lat' dir='ltr'><strong>Scriptorem</strong></span> <span class='ocrx_word' id='word_1_178' title='bbox 533 3554 678 3609; x_wconf 87' lang='lat' dir='ltr'><strong>nostrum</strong></span> <span class='ocrx_word' id='word_1_179' title='bbox 701 3565 780 3608; x_wconf 84' lang='lat' dir='ltr'><strong>eave</strong></span> <span class='ocrx_word' id='word_1_180' title='bbox 801 3566 852 3625; x_wconf 91' lang='lat' dir='ltr'><strong>ne,</strong></span> <span class='ocrx_word' id='word_1_181' title='bbox 875 3545 957 3609; x_wconf 87' lang='lat' dir='ltr'><strong>sicut</strong></span> <span class='ocrx_word' id='word_1_182' title='bbox 979 3544 1034 3609; x_wconf 88' lang='lat' dir='ltr'><strong>alii</strong></span> <span class='ocrx_word' id='word_1_183' title='bbox 1056 3546 1210 3627; x_wconf 87' lang='lat' dir='ltr'><strong>fecerunt,</strong></span> <span class='ocrx_word' id='word_1_184' title='bbox 1233 3547 1410 3612; x_wconf 86' lang='lat' dir='ltr'><strong>confundas</strong></span> <span class='ocrx_word' id='word_1_185' title='bbox 1432 3547 1484 3612; x_wconf 90' lang='lat' dir='ltr'><strong>vel</strong></span> <span class='ocrx_word' id='word_1_186' title='bbox 1499 3570 1570 3611; x_wconf 87' lang='lat' dir='ltr'><strong>cum</strong></span> <span class='ocrx_word' id='word_1_187' title='bbox 1588 3544 1779 3610; x_wconf 87' lang='lat' dir='ltr'><strong>Burchardo</strong></span> <span class='ocrx_word' id='word_1_188' title='bbox 1794 3546 1855 3608; x_wconf 85' lang='lat' dir='ltr'><strong>Ar-</strong></span> 
     </span>
     <span class='ocr_line' id='line_1_19' title="bbox 191 3660 1855 3747; baseline 0 -24"><span class='ocrx_word' id='word_1_189' title='bbox 191 3660 378 3742; x_wconf 85' lang='lat' dir='ltr'><strong>gentinonsi,</strong></span> <span class='ocrx_word' id='word_1_190' title='bbox 400 3661 490 3724; x_wconf 89' lang='lat' dir='ltr'><strong>cuius</strong></span> <span class='ocrx_word' id='word_1_191' title='bbox 510 3660 597 3747; x_wconf 92' lang='lat' dir='ltr'><strong>quod</strong></span> <span class='ocrx_word' id='word_1_192' title='bbox 618 3671 719 3724; x_wconf 90' lang='lat' dir='ltr'><strong>restat</strong></span> <span class='ocrx_word' id='word_1_193' title='bbox 739 3660 955 3745; x_wconf 84' lang='lat' dir='ltr'><strong>fragmentum</strong></span> <span class='ocrx_word' id='word_1_194' title='bbox 974 3661 1007 3724; x_wconf 92' lang='lat' dir='ltr'><strong>in</strong></span> <span class='ocrx_word' id='word_1_195' title='bbox 1031 3660 1213 3747; x_wconf 70' lang='lat' dir='ltr'><strong>Serapeo*)</strong></span> <span class='ocrx_word' id='word_1_196' title='bbox 1235 3662 1434 3744; x_wconf 80' lang='lat' dir='ltr'><strong>excridimns,</strong></span> <span class='ocrx_word' id='word_1_197' title='bbox 1456 3662 1508 3726; x_wconf 84' lang='lat' dir='ltr'><strong>vel</strong></span> <span class='ocrx_word' id='word_1_198' title='bbox 1530 3684 1601 3725; x_wconf 83' lang='lat' dir='ltr'><strong>cuni</strong></span> <span class='ocrx_word' id='word_1_199' title='bbox 1626 3661 1855 3725; x_wconf 81' lang='lat' dir='ltr'><strong>Bonaventnra</strong></span> 
     </span>
     <span class='ocr_line' id='line_1_20' title="bbox 190 3770 1034 3860; baseline 0.008 -25"><span class='ocrx_word' id='word_1_200' title='bbox 190 3770 361 3857; x_wconf 88' lang='lat' dir='ltr'><strong>Brocardo,</strong></span> <span class='ocrx_word' id='word_1_201' title='bbox 384 3776 437 3860; x_wconf 79' lang='lat' dir='ltr'><strong>qiu</strong></span> <span class='ocrx_word' id='word_1_202' title='bbox 459 3776 566 3840; x_wconf 89' lang='lat' dir='ltr'><strong>seculo</strong></span> <span class='ocrx_word' id='word_1_203' title='bbox 588 3775 685 3840; x_wconf 88' lang='lat' dir='ltr'>XVII</span> <span class='ocrx_word' id='word_1_204' title='bbox 706 3774 923 3840; x_wconf 84' lang='lat' dir='ltr'><strong>Palaestinam</strong></span> <span class='ocrx_word' id='word_1_205' title='bbox 945 3776 1034 3843; x_wconf 90' lang='lat' dir='ltr'><strong>obiit.</strong></span> 
     </span>
    </p>

    <p class='ocr_par' dir='ltr' id='par_1_6' title="bbox 190 3890 1857 4676">
     <span class='ocr_line' id='line_1_21' title="bbox 310 3890 1855 3978; baseline 0.001 -24"><span class='ocrx_word' id='word_1_206' title='bbox 310 3892 494 3976; x_wconf 89' lang='lat' dir='ltr'><strong>Agnomine</strong></span> <span class='ocrx_word' id='word_1_207' title='bbox 515 3891 570 3956; x_wconf 92' lang='lat' dir='ltr'><strong>illo</strong></span> <span class='ocrx_word' id='word_1_208' title='bbox 589 3914 609 3954; x_wconf 91' lang='lat' dir='ltr'><strong>a</strong></span> <span class='ocrx_word' id='word_1_209' title='bbox 631 3900 736 3955; x_wconf 91' lang='lat' dir='ltr'><strong>monte</strong></span> <span class='ocrx_word' id='word_1_210' title='bbox 757 3890 840 3954; x_wconf 89' lang='lat' dir='ltr'><strong>Zion</strong></span> <span class='ocrx_word' id='word_1_211' title='bbox 861 3894 998 3978; x_wconf 88' lang='lat' dir='ltr'><strong>repetito</strong></span> <span class='ocrx_word' id='word_1_212' title='bbox 1022 3893 1170 3959; x_wconf 86' lang='lat' dir='ltr'><strong>Oudinns</strong></span> <span class='ocrx_word' id='word_1_213' title='bbox 1192 3894 1416 3959; x_wconf 88' lang='lat' dir='ltr'><strong>Burchnrdum</strong></span> <span class='ocrx_word' id='word_1_214' title='bbox 1447 3916 1517 3957; x_wconf 89' lang='lat' dir='ltr'><strong>cam</strong></span> <span class='ocrx_word' id='word_1_215' title='bbox 1545 3890 1586 3956; x_wconf 91' lang='lat' dir='ltr'><strong>ob</strong></span> <span class='ocrx_word' id='word_1_216' title='bbox 1609 3914 1739 3956; x_wconf 87' lang='lat' dir='ltr'><strong>causam</strong></span> <span class='ocrx_word' id='word_1_217' title='bbox 1762 3916 1855 3957; x_wconf 86' lang='lat' dir='ltr'><strong>usum</strong></span> 
     </span>
     <span class='ocr_line' id='line_1_22' title="bbox 191 4005 1857 4097; baseline 0.001 -27"><span class='ocrx_word' id='word_1_218' title='bbox 191 4028 259 4071; x_wconf 85' lang='lat' dir='ltr'><strong>esse</strong></span> <span class='ocrx_word' id='word_1_219' title='bbox 280 4008 428 4089; x_wconf 89' lang='lat' dir='ltr'><strong>coniecit,</strong></span> <span class='ocrx_word' id='word_1_220' title='bbox 449 4006 556 4094; x_wconf 91' lang='lat' dir='ltr'><strong>„quod</strong></span> <span class='ocrx_word' id='word_1_221' title='bbox 578 4005 699 4071; x_wconf 87' lang='lat' dir='ltr'><strong>ibidem</strong></span> <span class='ocrx_word' id='word_1_222' title='bbox 714 4005 874 4091; x_wconf 86' lang='lat' dir='ltr'><strong>prolixam</strong></span> <span class='ocrx_word' id='word_1_223' title='bbox 892 4008 1005 4072; x_wconf 87' lang='lat' dir='ltr'><strong>feeerit</strong></span> <span class='ocrx_word' id='word_1_224' title='bbox 1019 4011 1173 4074; x_wconf 84' lang='lat' dir='ltr'><strong>moram“.</strong></span> <span class='ocrx_word' id='word_1_225' title='bbox 1215 4009 1389 4097; x_wconf 78' lang='lat' dir='ltr'><strong>Quodque</strong></span> <span class='ocrx_word' id='word_1_226' title='bbox 1405 4012 1473 4074; x_wconf 91' lang='lat' dir='ltr'><strong>iure</strong></span> <span class='ocrx_word' id='word_1_227' title='bbox 1492 4017 1611 4073; x_wconf 88' lang='lat' dir='ltr'><strong>statuat</strong></span> <span class='ocrx_word' id='word_1_228' title='bbox 1628 4010 1755 4089; x_wconf 83' lang='lat' dir='ltr'><strong>nesci03</strong></span> <span class='ocrx_word' id='word_1_229' title='bbox 1777 4008 1857 4073; x_wconf 90' lang='lat' dir='ltr'><strong>mihi</strong></span> 
     </span>
     <span class='ocr_line' id='line_1_23' title="bbox 191 4120 1855 4206; baseline 0.001 -20"><span class='ocrx_word' id='word_1_230' title='bbox 191 4120 316 4205; x_wconf 89' lang='lat' dir='ltr'><strong>quidem</strong></span> <span class='ocrx_word' id='word_1_231' title='bbox 343 4123 460 4187; x_wconf 76' lang='lat' dir='ltr'><strong>sufficit</strong></span> <span class='ocrx_word' id='word_1_232' title='bbox 481 4124 627 4187; x_wconf 84' lang='lat' dir='ltr'><strong>conferre</strong></span> <span class='ocrx_word' id='word_1_233' title='bbox 650 4145 723 4187; x_wconf 90' lang='lat' dir='ltr'><strong>cnm</strong></span> <span class='ocrx_word' id='word_1_234' title='bbox 744 4123 915 4206; x_wconf 89' lang='lat' dir='ltr'><strong>agnomine</strong></span> <span class='ocrx_word' id='word_1_235' title='bbox 936 4122 991 4188; x_wconf 92' lang='lat' dir='ltr'><strong>illo</strong></span> <span class='ocrx_word' id='word_1_236' title='bbox 1013 4126 1144 4190; x_wconf 91' lang='lat' dir='ltr'><strong>nomina</strong></span> <span class='ocrx_word' id='word_1_237' title='bbox 1166 4125 1276 4193; x_wconf 84' lang='lat' dir='ltr'><strong>Caroli</strong></span> <span class='ocrx_word' id='word_1_238' title='bbox 1307 4150 1327 4189; x_wconf 89' lang='lat' dir='ltr'><strong>a</strong></span> <span class='ocrx_word' id='word_1_239' title='bbox 1350 4125 1469 4189; x_wconf 90' lang='lat' dir='ltr'><strong>Sancto</strong></span> <span class='ocrx_word' id='word_1_240' title='bbox 1492 4123 1593 4189; x_wconf 87' lang='lat' dir='ltr'><strong>Paulo</strong></span> <span class='ocrx_word' id='word_1_241' title='bbox 1616 4133 1647 4188; x_wconf 91' lang='lat' dir='ltr'><strong>et</strong></span> <span class='ocrx_word' id='word_1_242' title='bbox 1668 4123 1855 4189; x_wconf 88' lang='lat' dir='ltr'><strong>Ernanuelis</strong></span> 
     </span>
     <span class='ocr_line' id='line_1_24' title="bbox 190 4236 1856 4326; baseline 0.001 -24"><span class='ocrx_word' id='word_1_243' title='bbox 190 4236 229 4303; x_wconf 89' lang='lat' dir='ltr'><strong>de</strong></span> <span class='ocrx_word' id='word_1_244' title='bbox 247 4236 358 4304; x_wconf 86' lang='lat' dir='ltr'><strong>Monte</strong></span> <span class='ocrx_word' id='word_1_245' title='bbox 380 4238 512 4319; x_wconf 86' lang='lat' dir='ltr'><strong>Oliveti,</strong></span> <span class='ocrx_word' id='word_1_246' title='bbox 535 4261 669 4324; x_wconf 88' lang='lat' dir='ltr'><strong>quorum</strong></span> <span class='ocrx_word' id='word_1_247' title='bbox 697 4248 729 4303; x_wconf 90' lang='lat' dir='ltr'><strong>et</strong></span> <span class='ocrx_word' id='word_1_248' title='bbox 755 4237 823 4319; x_wconf 89' lang='lat' dir='ltr'><strong>hic,</strong></span> <span class='ocrx_word' id='word_1_249' title='bbox 859 4239 913 4322; x_wconf 88' lang='lat' dir='ltr'><strong>qui</strong></span> <span class='ocrx_word' id='word_1_250' title='bbox 943 4240 976 4302; x_wconf 94' lang='lat' dir='ltr'><strong>in</strong></span> <span class='ocrx_word' id='word_1_251' title='bbox 1004 4242 1117 4306; x_wconf 89' lang='lat' dir='ltr'><strong>eadem</strong></span> <span class='ocrx_word' id='word_1_252' title='bbox 1147 4265 1219 4307; x_wconf 89' lang='lat' dir='ltr'><strong>eum</strong></span> <span class='ocrx_word' id='word_1_253' title='bbox 1242 4242 1432 4307; x_wconf 87' lang='lat' dir='ltr'><strong>Barchardo</strong></span> <span class='ocrx_word' id='word_1_254' title='bbox 1456 4241 1544 4305; x_wconf 78' lang='lat' dir='ltr'><strong>vitae</strong></span> <span class='ocrx_word' id='word_1_255' title='bbox 1575 4241 1711 4305; x_wconf 88' lang='lat' dir='ltr'><strong>statione</strong></span> <span class='ocrx_word' id='word_1_256' title='bbox 1734 4243 1856 4326; x_wconf 88' lang='lat' dir='ltr'><strong>positus</strong></span> 
     </span>
     <span class='ocr_line' id='line_1_25' title="bbox 191 4353 1856 4442; baseline 0.001 -24"><span class='ocrx_word' id='word_1_257' title='bbox 191 4353 329 4435; x_wconf 86' lang='lat' dir='ltr'><strong>„Lector</strong></span> <span class='ocrx_word' id='word_1_258' title='bbox 345 4354 542 4440; x_wconf 87' lang='lat' dir='ltr'><strong>Theologiac</strong></span> <span class='ocrx_word' id='word_1_259' title='bbox 564 4366 597 4418; x_wconf 91' lang='lat' dir='ltr'><strong>et</strong></span> <span class='ocrx_word' id='word_1_260' title='bbox 612 4355 779 4419; x_wconf 89' lang='lat' dir='ltr'><strong>Diffinitor</strong></span> <span class='ocrx_word' id='word_1_261' title='bbox 800 4354 923 4419; x_wconf 79' lang='lat' dir='ltr'><strong>ordinis</strong></span> <span class='ocrx_word' id='word_1_262' title='bbox 943 4354 974 4419; x_wconf 88' lang='lat' dir='ltr'><strong>S.</strong></span> <span class='ocrx_word' id='word_1_263' title='bbox 993 4356 1182 4422; x_wconf 85' lang='lat' dir='ltr'><strong>Francisci“</strong></span> <span class='ocrx_word' id='word_1_264' title='bbox 1204 4370 1282 4442; x_wconf 89' lang='lat' dir='ltr'><strong>erat,</strong></span> <span class='ocrx_word' id='word_1_265' title='bbox 1304 4369 1336 4423; x_wconf 89' lang='lat' dir='ltr'><strong>et</strong></span> <span class='ocrx_word' id='word_1_266' title='bbox 1347 4358 1400 4423; x_wconf 89' lang='lat' dir='ltr'><strong>ille</strong></span> <span class='ocrx_word' id='word_1_267' title='bbox 1414 4358 1545 4422; x_wconf 89' lang='lat' dir='ltr'><strong>nomina</strong></span> <span class='ocrx_word' id='word_1_268' title='bbox 1562 4379 1620 4420; x_wconf 86' lang='lat' dir='ltr'><strong>sua</strong></span> <span class='ocrx_word' id='word_1_269' title='bbox 1635 4357 1767 4441; x_wconf 86' lang='lat' dir='ltr'><strong>gentilia</strong></span> <span class='ocrx_word' id='word_1_270' title='bbox 1785 4380 1856 4420; x_wconf 92' lang='lat' dir='ltr'><strong>cum</strong></span> 
     </span>
     <span class='ocr_line' id='line_1_26' title="bbox 190 4469 1857 4560; baseline 0.002 -27"><span class='ocrx_word' id='word_1_271' title='bbox 190 4473 374 4535; x_wconf 88' lang='lat' dir='ltr'><strong>monasticis</strong></span> <span class='ocrx_word' id='word_1_272' title='bbox 400 4469 627 4556; x_wconf 88' lang='lat' dir='ltr'><strong>agnominibus</strong></span> <span class='ocrx_word' id='word_1_273' title='bbox 657 4479 870 4534; x_wconf 85' lang='lat' dir='ltr'><strong>commutasse</strong></span> <span class='ocrx_word' id='word_1_274' title='bbox 899 4471 1035 4536; x_wconf 81' lang='lat' dir='ltr'><strong>videtur.</strong></span> <span class='ocrx_word' id='word_1_275' title='bbox 1078 4475 1191 4558; x_wconf 87' lang='lat' dir='ltr'><strong>ltaque</strong></span> <span class='ocrx_word' id='word_1_276' title='bbox 1212 4478 1256 4540; x_wconf 89' lang='lat' dir='ltr'><strong>uti</strong></span> <span class='ocrx_word' id='word_1_277' title='bbox 1282 4475 1418 4542; x_wconf 84' lang='lat' dir='ltr'><strong>Carolus</strong></span> <span class='ocrx_word' id='word_1_278' title='bbox 1441 4496 1460 4538; x_wconf 89' lang='lat' dir='ltr'><strong>a</strong></span> <span class='ocrx_word' id='word_1_279' title='bbox 1483 4472 1516 4538; x_wconf 90' lang='lat' dir='ltr'><strong>S.</strong></span> <span class='ocrx_word' id='word_1_280' title='bbox 1540 4472 1642 4537; x_wconf 86' lang='lat' dir='ltr'><strong>Paulo</strong></span> <span class='ocrx_word' id='word_1_281' title='bbox 1669 4476 1758 4560; x_wconf 88' lang='lat' dir='ltr'><strong>prius</strong></span> <span class='ocrx_word' id='word_1_282' title='bbox 1783 4474 1812 4536; x_wconf 83' lang='lat' dir='ltr'>V</span> <span class='ocrx_word' id='word_1_283' title='bbox 1812 4475 1857 4536; x_wconf 93' lang='lat' dir='ltr'><strong>ia·</strong></span> 
     </span>
     <span class='ocr_line' id='line_1_27' title="bbox 191 4582 1856 4676; baseline 0.004 -29"><span class='ocrx_word' id='word_1_284' title='bbox 191 4582 252 4648; x_wconf 84' lang='lat' dir='ltr'><strong>lart</strong></span> <span class='ocrx_word' id='word_1_285' title='bbox 272 4584 509 4669; x_wconf 87' lang='lat' dir='ltr'><strong>nominabatur,</strong></span> <span class='ocrx_word' id='word_1_286' title='bbox 531 4586 757 4652; x_wconf 88' lang='lat' dir='ltr'><strong>Burchardum</strong></span> <span class='ocrx_word' id='word_1_287' title='bbox 779 4609 906 4673; x_wconf 90' lang='lat' dir='ltr'><strong>quoquc</strong></span> <span class='ocrx_word' id='word_1_288' title='bbox 927 4588 991 4652; x_wconf 92' lang='lat' dir='ltr'><strong>alio</strong></span> <span class='ocrx_word' id='word_1_289' title='bbox 1012 4591 1160 4675; x_wconf 88' lang='lat' dir='ltr'><strong>primitus</strong></span> <span class='ocrx_word' id='word_1_290' title='bbox 1176 4593 1304 4655; x_wconf 91' lang='lat' dir='ltr'><strong>nomine</strong></span> <span class='ocrx_word' id='word_1_291' title='bbox 1319 4590 1430 4676; x_wconf 87' lang='lat' dir='ltr'><strong>gentili</strong></span> <span class='ocrx_word' id='word_1_292' title='bbox 1447 4612 1539 4654; x_wconf 88' lang='lat' dir='ltr'><strong>usum</strong></span> <span class='ocrx_word' id='word_1_293' title='bbox 1554 4610 1626 4653; x_wconf 88' lang='lat' dir='ltr'><strong>esse</strong></span> <span class='ocrx_word' id='word_1_294' title='bbox 1644 4590 1856 4674; x_wconf 89' lang='lat' dir='ltr'><strong>suspicamur.</strong></span> 
     </span>
    </p>

    <p class='ocr_par' dir='ltr' id='par_1_7' title="bbox 312 4701 1855 4792">
     <span class='ocr_line' id='line_1_28' title="bbox 312 4701 1855 4792; baseline 0.003 -28"><span class='ocrx_word' id='word_1_295' title='bbox 312 4701 523 4767; x_wconf 86' lang='lat' dir='ltr'><strong>Barchardus</strong></span> <span class='ocrx_word' id='word_1_296' title='bbox 546 4703 596 4767; x_wconf 86' lang='lat' dir='ltr'><strong>bis</strong></span> <span class='ocrx_word' id='word_1_297' title='bbox 620 4703 663 4780; x_wconf 73' lang='lat' dir='ltr'><strong>tid</strong></span> <span class='ocrx_word' id='word_1_298' title='bbox 686 4703 773 4790; x_wconf 91' lang='lat' dir='ltr'><strong>quod</strong></span> <span class='ocrx_word' id='word_1_299' title='bbox 793 4725 903 4768; x_wconf 91' lang='lat' dir='ltr'><strong>omnes</strong></span> <span class='ocrx_word' id='word_1_300' title='bbox 924 4707 1052 4769; x_wconf 94' lang='lat' dir='ltr'><strong>omnino</strong></span> <span class='ocrx_word' id='word_1_301' title='bbox 1075 4704 1215 4770; x_wconf 89' lang='lat' dir='ltr'><strong>editores</strong></span> <span class='ocrx_word' id='word_1_302' title='bbox 1236 4709 1337 4792; x_wconf 87' lang='lat' dir='ltr'><strong>fugit,</strong></span> <span class='ocrx_word' id='word_1_303' title='bbox 1367 4728 1424 4770; x_wconf 84' lang='lat' dir='ltr'><strong>nos</strong></span> <span class='ocrx_word' id='word_1_304' title='bbox 1448 4706 1532 4770; x_wconf 73' lang='lat' dir='ltr'><strong>iutra</strong></span> <span class='ocrx_word' id='word_1_305' title='bbox 1559 4704 1707 4791; x_wconf 83' lang='lat' dir='ltr'><strong>plurilnis</strong></span> <span class='ocrx_word' id='word_1_306' title='bbox 1729 4704 1855 4768; x_wconf 83' lang='lat' dir='ltr'><strong>demon·</strong></span> 
     </span>
    </p>
   </div>
   <div class='ocr_carea' id='block_1_4' title="bbox 191 4815 1858 4910">
    <p class='ocr_par' dir='ltr' id='par_1_8' title="bbox 191 4815 1858 4910">
     <span class='ocr_line' id='line_1_29' title="bbox 191 4815 1858 4910; baseline 0.004 -33"><span class='ocrx_word' id='word_1_307' title='bbox 191 4815 375 4895; x_wconf 84' lang='lat' dir='ltr'><strong>strabimus)</strong></span> <span class='ocrx_word' id='word_1_308' title='bbox 397 4816 438 4882; x_wconf 89' lang='lat' dir='ltr'><strong>de</strong></span> <span class='ocrx_word' id='word_1_309' title='bbox 459 4830 547 4884; x_wconf 87' lang='lat' dir='ltr'><strong>terra</strong></span> <span class='ocrx_word' id='word_1_310' title='bbox 568 4830 681 4884; x_wconf 88' lang='lat' dir='ltr'><strong>saneta</strong></span> <span class='ocrx_word' id='word_1_311' title='bbox 703 4819 850 4904; x_wconf 87' lang='lat' dir='ltr'><strong>scripsit:</strong></span> <span class='ocrx_word' id='word_1_312' title='bbox 881 4821 1020 4906; x_wconf 88' lang='lat' dir='ltr'><strong>primam</strong></span> <span class='ocrx_word' id='word_1_313' title='bbox 1042 4822 1213 4906; x_wconf 87' lang='lat' dir='ltr'><strong>privatim,</strong></span> <span class='ocrx_word' id='word_1_314' title='bbox 1235 4822 1406 4910; x_wconf 90' lang='lat' dir='ltr'><strong>epistolam</strong></span> <span class='ocrx_word' id='word_1_315' title='bbox 1428 4844 1502 4886; x_wconf 91' lang='lat' dir='ltr'><strong>cum</strong></span> <span class='ocrx_word' id='word_1_316' title='bbox 1523 4820 1650 4900; x_wconf 87' lang='lat' dir='ltr'><strong>tabula,</strong></span> <span class='ocrx_word' id='word_1_317' title='bbox 1674 4842 1771 4905; x_wconf 83' lang='lat' dir='ltr'><strong>qumn</strong></span> <span class='ocrx_word' id='word_1_318' title='bbox 1795 4819 1858 4906; x_wconf 88' lang='lat' dir='ltr'><strong>pel·</strong></span> 
     </span>
    </p>
   </div>
   <div class='ocr_carea' id='block_1_5' title="bbox 190 4928 1860 5364">
    <p class='ocr_par' dir='ltr' id='par_1_9' title="bbox 190 4928 1860 5364">
     <span class='ocr_line' id='line_1_30' title="bbox 190 4928 1860 5022; baseline 0.004 -29"><span class='ocrx_word' id='word_1_319' title='bbox 190 4928 251 4995; x_wconf 90' lang='lat' dir='ltr'><strong>lem</strong></span> <span class='ocrx_word' id='word_1_320' title='bbox 277 4931 375 5013; x_wconf 91' lang='lat' dir='ltr'><strong>dicit,</strong></span> <span class='ocrx_word' id='word_1_321' title='bbox 407 4935 627 5022; x_wconf 83' lang='lat' dir='ltr'><strong>geographica</strong></span> <span class='ocrx_word' id='word_1_322' title='bbox 655 4934 793 5016; x_wconf 86' lang='lat' dir='ltr'><strong>addens,</strong></span> <span class='ocrx_word' id='word_1_323' title='bbox 822 4934 938 5000; x_wconf 87' lang='lat' dir='ltr'><strong>deinde</strong></span> <span class='ocrx_word' id='word_1_324' title='bbox 967 4935 1105 5021; x_wconf 88' lang='lat' dir='ltr'><strong>publice.</strong></span> <span class='ocrx_word' id='word_1_325' title='bbox 1153 4938 1298 5004; x_wconf 85' lang='lat' dir='ltr'><strong>Priorem</strong></span> <span class='ocrx_word' id='word_1_326' title='bbox 1326 4951 1434 5002; x_wconf 82' lang='lat' dir='ltr'><strong>textus</strong></span> <span class='ocrx_word' id='word_1_327' title='bbox 1457 4938 1675 5002; x_wconf 89' lang='lat' dir='ltr'><strong>recensionem</strong></span> <span class='ocrx_word' id='word_1_328' title='bbox 1699 4938 1860 5020; x_wconf 84' lang='lat' dir='ltr'><strong>expressit</strong></span> 
     </span>
     <span class='ocr_line' id='line_1_31' title="bbox 192 5046 1309 5138; baseline 0.004 -26"><span class='ocrx_word' id='word_1_329' title='bbox 192 5046 350 5130; x_wconf 84' lang='lat' dir='ltr'><strong>Canisins,</strong></span> <span class='ocrx_word' id='word_1_330' title='bbox 374 5050 463 5114; x_wconf 88' lang='lat' dir='ltr'><strong>cuius</strong></span> <span class='ocrx_word' id='word_1_331' title='bbox 484 5050 583 5115; x_wconf 88' lang='lat' dir='ltr'><strong>editio</strong></span> <span class='ocrx_word' id='word_1_332' title='bbox 606 5050 675 5131; x_wconf 89' lang='lat' dir='ltr'><strong>hos,</strong></span> <span class='ocrx_word' id='word_1_333' title='bbox 698 5052 741 5117; x_wconf 90' lang='lat' dir='ltr'><strong>ad</strong></span> <span class='ocrx_word' id='word_1_334' title='bbox 764 5075 842 5138; x_wconf 84' lang='lat' dir='ltr'><strong>quos</strong></span> <span class='ocrx_word' id='word_1_335' title='bbox 865 5051 1023 5125; x_wconf 86' lang='lat' dir='ltr'><strong>attendas,</strong></span> <span class='ocrx_word' id='word_1_336' title='bbox 1045 5051 1132 5118; x_wconf 89' lang='lat' dir='ltr'><strong>locos</strong></span> <span class='ocrx_word' id='word_1_337' title='bbox 1154 5056 1309 5118; x_wconf 81' lang='lat' dir='ltr'><strong>continet:</strong></span> 
     </span>
     <span class='ocr_line' id='line_1_32' title="bbox 313 5165 477 5231; baseline 0 -2"><span class='ocrx_word' id='word_1_338' title='bbox 313 5165 477 5231; x_wconf 89' lang='lat' dir='ltr'><strong>Priorem:</strong></span> 
     </span>
     <span class='ocr_line' id='line_1_33' title="bbox 355 5285 1860 5364; baseline 0.002 -23"><span class='ocrx_word' id='word_1_339' title='bbox 355 5285 458 5344; x_wconf 83' lang='lat' dir='ltr'><strong>Distat</strong></span> <span class='ocrx_word' id='word_1_340' title='bbox 480 5294 578 5344; x_wconf 78' lang='lat' dir='ltr'><strong>auten</strong></span> <span class='ocrx_word' id='word_1_341' title='bbox 599 5285 636 5343; x_wconf 85' lang='lat' dir='ltr'><strong>ab</strong></span> <span class='ocrx_word' id='word_1_342' title='bbox 653 5288 751 5344; x_wconf 78' lang='lat' dir='ltr'><strong>Acron</strong></span> <span class='ocrx_word' id='word_1_343' title='bbox 770 5285 955 5361; x_wconf 81' lang='lat' dir='ltr'><strong>(Nazareth)</strong></span> <span class='ocrx_word' id='word_1_344' title='bbox 975 5309 1033 5364; x_wconf 81' lang='lat' dir='ltr'><strong>per</strong></span> <span class='ocrx_word' id='word_1_345' title='bbox 1055 5296 1162 5364; x_wconf 80' lang='lat' dir='ltr'><strong>septem</strong></span> <span class='ocrx_word' id='word_1_346' title='bbox 1183 5293 1292 5348; x_wconf 82' lang='lat' dir='ltr'><strong>leucas.</strong></span> <span class='ocrx_word' id='word_1_347' title='bbox 1336 5291 1425 5355; x_wconf 83' lang='lat' dir='ltr'><strong>Quod</strong></span> <span class='ocrx_word' id='word_1_348' title='bbox 1444 5288 1577 5363; x_wconf 83' lang='lat' dir='ltr'><strong>spacium</strong></span> <span class='ocrx_word' id='word_1_349' title='bbox 1605 5288 1705 5345; x_wconf 68' lang='lat' dir='ltr'><strong>eraclius</strong></span> <span class='ocrx_word' id='word_1_350' title='bbox 1723 5290 1860 5347; x_wconf 71' lang='lat' dir='ltr'><strong>saltatore</strong></span> 
     </span>
    </p>
   </div>
   <div class='ocr_carea' id='block_1_6' title="bbox 350 5401 1861 5480">
    <p class='ocr_par' dir='ltr' id='par_1_10' title="bbox 350 5401 1861 5480">
     <span class='ocr_line' id='line_1_34' title="bbox 350 5401 1861 5480; baseline 0.006 -23"><span class='ocrx_word' id='word_1_351' title='bbox 350 5401 446 5475; x_wconf 84' lang='lat' dir='ltr'><strong>potui,</strong></span> <span class='ocrx_word' id='word_1_352' title='bbox 474 5402 544 5477; x_wconf 80' lang='lat' dir='ltr'><strong>qaia</strong></span> <span class='ocrx_word' id='word_1_353' title='bbox 565 5402 664 5478; x_wconf 80' lang='lat' dir='ltr'><strong>sepius</strong></span> <span class='ocrx_word' id='word_1_354' title='bbox 687 5403 756 5460; x_wconf 84' lang='lat' dir='ltr'><strong>illac</strong></span> <span class='ocrx_word' id='word_1_355' title='bbox 774 5406 971 5479; x_wconf 70' lang='lat' dir='ltr'><strong>pertransisti.</strong></span> <span class='ocrx_word' id='word_1_356' title='bbox 1010 5407 1134 5464; x_wconf 73' lang='lat' dir='ltr'><strong>Videtur</strong></span> <span class='ocrx_word' id='word_1_357' title='bbox 1155 5407 1242 5465; x_wconf 81' lang='lat' dir='ltr'><strong>rnieln&#39;</strong></span> <span class='ocrx_word' id='word_1_358' title='bbox 1264 5426 1325 5464; x_wconf 83' lang='lat' dir='ltr'><strong>esse</strong></span> <span class='ocrx_word' id='word_1_359' title='bbox 1344 5405 1420 5463; x_wconf 82' lang='lat' dir='ltr'><strong>sicut</strong></span> <span class='ocrx_word' id='word_1_360' title='bbox 1435 5406 1470 5462; x_wconf 85' lang='lat' dir='ltr'><strong>da</strong></span> <span class='ocrx_word' id='word_1_361' title='bbox 1488 5404 1672 5480; x_wconf 71' lang='lat' dir='ltr'><strong>:tlapdelrnrp</strong></span> <span class='ocrx_word' id='word_1_362' title='bbox 1688 5406 1719 5461; x_wconf 85' lang='lat' dir='ltr'><strong>in</strong></span> <span class='ocrx_word' id='word_1_363' title='bbox 1733 5406 1861 5480; x_wconf 71' lang='lat' dir='ltr'><strong>Barbop.</strong></span> 
     </span>
    </p>
   </div>
   <div class='ocr_carea' id='block_1_7' title="bbox 288 5659 949 5733">
    <p class='ocr_par' dir='ltr' id='par_1_11' title="bbox 288 5659 949 5733">
     <span class='ocr_line' id='line_1_35' title="bbox 288 5659 949 5733; baseline 0.003 -19"><span class='ocrx_word' id='word_1_364' title='bbox 288 5660 311 5728; x_wconf 80' lang='lat'><strong>&#39;)</strong></span> <span class='ocrx_word' id='word_1_365' title='bbox 332 5659 365 5714; x_wconf 90' lang='lat' dir='ltr'><strong>V.</strong></span> <span class='ocrx_word' id='word_1_366' title='bbox 386 5662 535 5730; x_wconf 83' lang='lat' dir='ltr'><strong>Serapeum</strong></span> <span class='ocrx_word' id='word_1_367' title='bbox 555 5665 627 5717; x_wconf 71' lang='lat'>1858.</span> <span class='ocrx_word' id='word_1_368' title='bbox 646 5661 698 5715; x_wconf 87' lang='lat' dir='ltr'><strong>No.</strong></span> <span class='ocrx_word' id='word_1_369' title='bbox 719 5666 756 5715; x_wconf 85' lang='lat' dir='ltr'><strong>ro.</strong></span> <span class='ocrx_word' id='word_1_370' title='bbox 777 5677 802 5729; x_wconf 87' lang='lat' dir='ltr'><strong>p.</strong></span> <span class='ocrx_word' id='word_1_371' title='bbox 826 5666 871 5716; x_wconf 75' lang='lat' dir='ltr'><strong>tls</strong></span> <span class='ocrx_word' id='word_1_372' title='bbox 890 5680 949 5733; x_wconf 86' lang='lat' dir='ltr'><strong>sqq.</strong></span> 
     </span>
    </p>
   </div>
   <div class='ocr_carea' id='block_1_8' title="bbox 0 0 2113 6096">
    <p class='ocr_par' dir='ltr' id='par_1_12' title="bbox 0 0 2113 6096">
     <span class='ocr_line' id='line_1_36' title="bbox 0 0 2113 6096; baseline 0 0"><span class='ocrx_word' id='word_1_373' title='bbox 0 0 2113 6096; x_wconf 95' lang='lat' dir='ltr'><strong> </strong></span> 
     </span>
    </p>
   </div>
  </div>
 </body>
</html>
