4214 6096
1065 365 1104 429 86

215 570 230 616 4
372 546 588 609 Beniaminite
617 550 769 621 terram⁸)
802 544 907 607 sortiti
930 552 1004 606 sunt
1026 565 1046 606 a
1066 543 1205 609 Iordane
1226 567 1326 630 usque
1349 544 1391 608 ad
1413 568 1504 610 maro
1523 568 1690 631 magnum,
1719 547 1921 633 longitudine

247 660 312 725 XV
331 661 506 739 leucarum,
527 657 698 722 latitudine
719 681 796 723 uero
819 658 861 721 ab
883 657 1059 722 Ierusalem
1082 681 1182 745 usquc
1204 660 1247 723 ad
1269 658 1382 723 Betbel
1404 660 1452 725 IV
1473 660 1648 725 leucarum.

213 793 228 840 5
371 776 493 840 Tribus
515 775 664 859 Effraym
693 775 807 837 sortita
829 784 877 837 est
900 783 1020 838 terram
1043 798 1063 838 a
1084 774 1221 839 Iordane
1242 776 1373 840 flumine
1395 799 1496 862 usque
1520 775 1695 860 (iaderam,
1718 776 1920 863 longitudine

245 893 326 957 XVI
347 892 532 971 leucarum,
563 889 732 953 latitudine
765 912 842 953 uero
864 912 966 974 usquo
988 890 1031 954 ad
1053 913 1202 976 eampum
1225 914 1394 977 magnum,
1425 891 1480 955 ubi
1499 893 1614 978 incipit
1638 892 1781 976 Galilea,
1803 893 1921 972 Xlllb)

244 1009 417 1074 leucarum.

211 1130 227 1179 6
373 1123 493 1187 Tribus
516 1123 684 1186 Manasses
713 1120 886 1200 medietas,
919 1144 980 1206 que
1003 1121 1084 1183 eitra
1106 1120 1295 1201 Iordanem,
1326 1124 1453 1208 aceepit
1474 1135 1591 1189 sortem
1612 1125 1654 1189 ab
1677 1128 1748 1211 ipso
1770 1123 1921 1189 Iordanis

246 1240 345 1305 fluuio
369 1261 470 1325 usque
491 1261 580 1302 marc
603 1260 771 1321 meginun,
800 1237 1032 1321 longitudines)
1054 1236 1153 1311 xlle)
1175 1236 1355 1320 leucarum,
1377 1230 1579 1316 latitudine⁹l
1600 1262 1678 1304 uero
1700 1262 1800 1325 usque
1822 1238 1920 1304 Beth·

246 1380 304 1420 san
326 1356 388 1430 iji
410 1355 585 1419 leucarum.

371 1470 492 1535 Tribus
515 1470 662 1534 Ysaehar
684 1469 857 1533 Iordanem
887 1480 918 1532 et
939 1468 1123 1535 Carmelum
1147 1472 1291 1554 accepit,
1319 1470 1518 1555 longitudine
1539 1470 1620 1535 VIII
1639 1470 1818 1549 leucarum,
1847 1468 1920 1533 loti·

246 1588 357 1653 tudine
379 1610 456 1651 uero
479 1586 518 1649 do
539 1585 681 1649 Bethsan
705 1607 805 1671 usque
829 1584 871 1648 ad
892 1597 1032 1649 montem
1052 1584 1324 1672 ltabp'rionss)¹⁵³‘¹)
1347 1586 1377 1649 V
1398 1586 1571 1651 leucarum.

212 1724 228 1769 a
371 1703 492 1766 Tribus
514 1700 660 1765 Zabulon
683 1700 866 1766 Carmelum
898 1723 1000 1786 prope
1022 1700 1116 1787 Cayn
1138 1707 1315 1779 niontemb)
1344 1724 1444 1789 usque
1469 1701 1689 1783 Genezureth,
1716 1700 1919 1787 longitudine

245 1820 296 1885 IX
316 1819 492 1898 leucarum,
513 1817 681 1881 latitudine
701 1839 778 1880 uero
802 1839 820 1879 a
845 1828 950 1879 monte
972 1815 1082 1881 Tuber
1104 1839 1163 1902 per
1184 1817 1361 1882 conuallem
1383 1818 1568 1884 Carmelion
1590 1819 1620 1881 V
1641 1818 1814 1883 leucarum.

212 1949 228 1996 a
375 1934 495 1998 Tribus
517 1933 601 1996 Aser
628 1943 728 1996 totam
750 1942 870 1995 terram
893 1956 913 1996 a
935 1931 1084 1997 Carmelo
1108 1955 1209 2017 usque
1239 1933 1281 1997 ad
1304 1932 1455 1998 Sidonem
1463 1984 1471 2015 ,
1502 1936 1647 2020 spacium
1670 1934 1736 1997 XX
1755 1933 1922 1997 leucarum

242 2056 277 2119 iu
299 2050 508 2137 longitudino,
532 2052 565 2113 in
587 2048 758 2112 latitudine
780 2072 857 2112 uero
880 2072 900 2112 a
921 2051 1003 2111 mari
1025 2071 1142 2134 niagno
1162 2072 1263 2134 usque
1285 2048 1416 2113 Naason
1437 2062 1467 2114 et
1487 2049 1597 2114 Kabul
1618 2051 1667 2114 IX
1688 2050 1864 2114 leucarum.

193 2182 225 2230 lo
368 2168 488 2232 Tribus
511 2183 617 2230 alitem
633 2164 794 2250 Neptalim
819 2166 945 2251 aceepit
967 2177 1076 2251 partes
1099 2165 1141 2229 ad
1163 2167 1318 2229 orientem
1342 2189 1515 2230 conuersas
1536 2189 1637 2253 usquo
1659 2166 1702 2231 ad
1715 2166 1916 2230 Damascum

243 2299 275 2351 et
296 2284 477 2361 Galilearn,
505 2284 538 2345 in
562 2280 763 2366 longitudine
784 2281 816 2345 X
838 2280 961 2362 leucas,
988 2283 1022 2345 in
1050 2281 1220 2345 latitudine
1242 2304 1317 2345 uero
1339 2306 1358 2345 a
1381 2284 1462 2346 mari
1484 2281 1609 2347 Galilee
1631 2304 1731 2369 usque
1754 2282 1797 2346 ad
1818 2281 1917 2346 Liba·

242 2426 320 2466 num
341 2400 428 2471 Vlla
451 2398 568 2463 leucas.
856 2480 862 2491 ·

193 2529 219 2577 11
366 2514 487 2579 Tribus
509 2514 585 2577 Dan
615 2513 684 2576 loca
714 2512 870 2577 conuallis
892 2514 984 2576 iuxta
1006 2535 1095 2576 mare
1118 2536 1269 2597 magnum
1292 2514 1333 2579 ad
1356 2516 1432 2580 solis
1455 2537 1605 2581 occasum
1626 2516 1768 2601 accepit,
1797 2513 1840 2577 ab
1862 2535 1919 2577 au·

244 2644 310 2699 stro
334 2632 455 2711 Azoto,
491 2629 532 2693 ab
555 2628 703 2713 aquilone
724 2628 817 2692 Dora
838 2628 1051 2692 determinata
1070 2629 1138 2691 suit.
1183 2629 1253 2693 Hoc
1276 2630 1443 2715 longitudo
1466 2633 1542 2696 cius.
1584 2630 1623 2695 ln
1644 2628 1816 2695 latitudine
1838 2652 1918 2695 uero

243 2750 338 2814 liuius
361 2750 464 2835 partis
488 2744 639 2808 milliaria
661 2768 725 2809 non
748 2768 841 2830 pono.

193 2886 222 2935 12
366 2863 550 2928 Secundum
580 2860 760 2946 predictam
789 2860 889 2944 igitur
919 2858 1169 2945 descriptionem
1190 2870 1259 2925 tota
1281 2873 1369 2926 terra
1392 2874 1520 2945 sanem,
1550 2886 1611 2949 quo
1631 2871 1681 2927 est
1703 2864 1785 2926 eitra
1805 2862 1918 2927 lordo-

240 3004 324 3061 ncm,
347 3002 510 3065 nunquam
534 2978 661 3041 uidetur
684 2975 843 3040 excedere
866 2978 1011 3061 spacium
1028 2976 1089 3039 XL
1099 2980 1125 3053 l)
1149 2976 1314 3042 leucarum
1335 2980 1367 3041 iu
1388 2978 1568 3062 latitudine,
1592 3003 1653 3065 quc
1675 2989 1724 3043 est
1745 2978 1920 3044 anrdane

241 3120 345 3182 usque
367 3096 409 3159 ad
430 3117 518 3158 rnaro
542 3114 703 3177 magnum,
726 3093 786 3156 lioc
808 3103 856 3155 est
885 3090 927 3154 ab
950 3093 1073 3155 oriente
1092 3094 1126 3155 in
1147 3094 1354 3161 occidentem.
1392 3094 1429 3158 In
1443 3095 1644 3180 longitudine
1659 3118 1747 3177 uero,
1770 3118 1832 3182 que
1848 3094 1890 3161 ab
1899 3098 1919 3175 ¹)

242 3211 392 3298 aquilone
413 3213 446 3274 in
468 3220 614 3273 austrum
637 3211 825 3295 porrigitur,
847 3231 911 3271 non
935 3207 1028 3293 plene
1044 3210 1187 3272 continet
1202 3209 1366 3274 LXXXX
1373 3220 1407 3288 ¹¹¹)
1422 3213 1479 3289 635)
1496 3212 1615 3293 leucas,
1637 3222 1672 3275 ut
1688 3212 1764 3276 milii
1780 3211 1918 3277 uidetur.

365 3327 452 3391 Eece
481 3325 581 3390 babes
609 3337 709 3389 totam
735 3339 855 3388 terram
887 3324 1062 3387 seeundum
1088 3325 1320 3411 longitudinem
1355 3338 1386 3391 et
1412 3326 1614 3392 latitudinem
1642 3338 1673 3391 et
1699 3350 1827 3391 omnem
1849 3330 1920 3393 eius

244 3446 375 3520 siturn¹¹)·
398 3442 535 3506 fideliter
558 3443 783 3527 conscriptam.
829 3439 900 3519 Quo
922 3440 1115 3525 descriptio,
1136 3452 1171 3506 ut
1191 3443 1269 3507 milii
1291 3444 1435 3526 uidetur,
1458 3467 1522 3507 nou
1543 3467 1659 3530 parum
1679 3442 1768 3507 utilis
1789 3454 1838 3507 est
1858 3466 1918 3529 pro

241 3559 334 3624 libris
365 3557 585 3623 historialibus
615 3567 645 3619 ct
671 3568 738 3620 tota
767 3555 884 3631 biblia,
914 3558 940 3619 si
969 3556 1185 3642 intelligatur,
1212 3571 1243 3623 et
1272 3559 1384 3637 loeis0)
1413 3559 1547 3645 singulis
1570 3560 1719 3624 notandis
1741 3562 1865 3646 pariter
1888 3568 1921 3625 et

243 3677 392 3741 sciendis

531 3860 594 3923 DE
617 3856 867 3922 FRUCTIBUS
891 3856 951 3919 ΕΤ
974 3855 1246 3922 ANJorALmUs
1271 3858 1419 3923 TERRE
1441 3858 1627 3925 SANOTE.

208 4006 219 4053 1
366 3992 442 4056 XII.
487 3990 661 4055 beierrdum
687 3992 801 4073 igitur,
834 3988 921 4075 quod
948 3998 1016 4053 tota
1044 4000 1132 4054 terra
1163 4002 1277 4055 saneta
1303 3993 1363 4055 iirit
1390 3992 1423 4055 in
1449 3992 1497 4055 rei
1524 3993 1661 4055 ueritate
1688 3999 1719 4054 et
1748 3998 1798 4054 est
1819 3989 1917 4055 hodie

240 4111 361 4194 optima
384 4113 467 4172 inter
492 4130 602 4171 omnes
624 4118 728 4170 terras
740 4156 748 4187 ,
771 4106 847 4170 licet
869 4104 1018 4192 quidam,
1051 4108 1106 4191 qui
1129 4129 1199 4170 earn
1222 4107 1394 4191 diligenter
1420 4129 1484 4171 non
1506 4106 1813 4187 considerauerunt,
1844 4127 1918 4169 con·

239 4226 375 4288 trorium
398 4224 515 4288 dicant.
559 4222 619 4285 Est
640 4222 727 4284 enirn
747 4221 863 4285 fertilis
885 4220 980 4284 ualde
1002 4222 1036 4284 in
1056 4222 1230 4305 fruniento,
1265 4223 1351 4307 quod
1379 4224 1447 4287 fere
1469 4222 1592 4310 absque
1613 4221 1727 4287 labore
1747 4220 1864 4287 colitur
1886 4230 1919 4286 et

241 4342 364 4404 crescit.
407 4337 537 4403 Ilorbas
560 4336 677 4400 multas
701 4337 824 4423 profert
844 4337 980 4419 humus,
1015 4347 1129 4423 sponte
1150 4337 1412 4420 lbniculun1‘⁵³⁶),
1437 4338 1554 4419 saluis,
1583 4348 1670 4420 ruta,
1696 4358 1771 4402 rose
1792 4337 1917 4423 passim

239 4457 273 4519 in
296 4478 411 4542 eampo
435 4464 591 4517 crescunt.

205 4571 220 4620 ²
365 4577 454 4632 Lana
477 4570 668 4645 sucridolil)
690 4571 805 4632 crescit
827 4571 858 4632 in
883 4570 1077 4656 quibusdam
1100 4570 1260 4652 liuteetis,
1283 4593 1344 4654 quo
1366 4570 1432 4635 alta
1456 4580 1529 4634 sunt
1550 4568 1691 4656 undique
1713 4568 1756 4633 ad
1777 4574 1916 4653 genunt)

305 4760 333 4822 a)
352 4762 452 4807 terrina.
472 4769 524 4806 om.
544 4752 597 4815 St,
623 4749 671 4817 qui
701 4748 726 4803 h.
746 4751 760 4803 l.
779 4758 843 4819 post
860 4752 954 4806 vocab.
985 4753 1141 4806 Ilrnrr'oou'te
1157 4752 1285 4805 lacunam
1303 4752 1422 4822 reliquit.
1446 4781 1478 4790 -
1503 4751 1531 4818 b)
1552 4756 1581 4806 12
1600 4751 1747 4806 leucorum.
1783 4750 1834 4806 Ed.
1853 4767 1914 4805 ven.

372 4871 405 4880 -
423 4842 449 4909 c)
467 4834 666 4903 loupitrulinenr
684 4831 723 4885 St.
742 4862 774 4870 -
793 4832 822 4901 d)
844 4839 872 4887 15
890 4834 906 4889 l.
926 4834 975 4889 Ed.
994 4853 1053 4889 von.
1074 4866 1106 4875 -
1124 4837 1150 4903 e)
1168 4837 1340 4889 latitudinem
1359 4836 1398 4889 St.
1416 4866 1449 4874 -
1467 4836 1493 4901 f)
1513 4841 1526 4889 7
1546 4834 1563 4887 l.
1581 4835 1633 4889 Ed.
1651 4851 1712 4888 ven.
1731 4865 1764 4874 -
1781 4835 1812 4904 g)
1830 4836 1915 4888 [ebir-

371 4924 425 4975 rim
444 4922 483 4974 St.
503 4949 535 4958 -
553 4918 581 4984 h)
600 4919 705 4985 repar&
724 4919 763 4970 St.
783 4914 947 4984 Chaynictlr.
966 4918 1015 4972 Ed.
1029 4935 1088 4973 ven.
1107 4950 1140 4959 -
1158 4921 1178 4985 i)
1197 4920 1238 4973 51.
1258 4920 1310 4974 Ed.
1329 4936 1389 4973 ven.
1408 4950 1440 4957 -
1458 4920 1488 4985 k)
1505 4918 1576 4974 XVI
1595 4918 1735 4972 leucarum
1747 4917 1788 4973 St.
1807 4918 1914 4973 xxvl.

374 5006 424 5059 Ed.
443 5022 502 5058 ven.
523 5034 555 5043 -
574 5003 595 5069 1).
611 5018 661 5071 pue
678 5008 716 5053 est
732 5002 768 5053 ab
787 5000 854 5054 sih.
873 5032 906 5041 -
924 5006 962 5070 m)
980 5003 1122 5056 LXXXX
1140 5002 1178 5056 St..
1201 5008 1247 5057 120
1266 5005 1282 5056 l.
1301 5004 1350 5056 Ed.
1370 5020 1429 5057 von.
1448 5034 1479 5042 —
1500 5006 1529 5074 n)
1546 5004 1628 5056 situm
1646 5020 1699 5056 om.
1717 5000 1765 5070 st,
1782 5001 1867 5057 habet
1884 5002 1910 5059 h.

373 5118 408 5127 -
425 5092 452 5154 ο)
471 5096 496 5141 et
512 5088 583 5140 locris
604 5083 671 5140 Sth.
692 5116 720 5125 -
740 5092 769 5153 p)
789 5085 873 5137 ianua
892 5086 932 5140 St.
952 5104 1039 5153 perrea
1056 5086 1083 5140 h.

301 5248 372 5319 634)
394 5242 557 5320 [satyrion]
580 5242 627 5301 Ita
648 5260 752 5317 graece
775 5249 859 5298 sonat
880 5239 989 5300 Tebor.
1019 5240 1056 5301 V.
1160 5246 1231 5315 636)
1252 5242 1426 5317 feniculum]
1457 5240 1606 5301 Anethum
1639 5241 1825 5301 foeniculum.
1876 5242 1915 5303 V.

237 5340 332 5401 Ritter
353 5341 413 5400 XV
438 5344 490 5415 (l).
514 5346 582 5403 392.
1098 5341 1192 5399 ltittcr
1211 5340 1271 5399 XV
1295 5344 1345 5415 (2).
1370 5346 1438 5401 716.

302 5444 373 5513 636)
403 5440 569 5515 LXXXII]
602 5437 733 5516 Singulis
768 5437 895 5495 nuuieris
921 5436 978 5495 alio
1008 5438 1056 5495 alii
1160 5444 1231 5511 637)
1253 5442 1326 5498 leno
1352 5440 1481 5515 surcido]
1507 5440 1575 5498 lana
1602 5439 1716 5518 lignea,
1742 5442 1915 5522 gossypium

240 5536 347 5598 additis
369 5539 519 5597 conticium
541 5559 655 5597 summa
670 5536 831 5595 diaetarum
847 5533 886 5608 ll,
910 5535 1056 5596 leucarum
1098 5539 1251 5598 arboreum
1273 5541 1359 5598 Lina.

240 5637 338 5697 LXII.
380 5637 425 5697 Cf.
449 5660 475 5700 v.
497 5637 626 5696 Raumer
647 5659 675 5717 p.
701 5641 736 5696 18
760 5647 829 5694 uota
852 5644 879 5695 al.
