4214 6096
1008 330 1047 393 64

317 514 399 578 Erat
425 512 546 598 quippe
573 511 766 597 antiquitus,
795 509 877 572 sieut
898 506 993 572 hodie
1016 520 1081 590 est,
1112 531 1204 574 mons
1227 514 1300 573 Sion
1328 530 1388 596 pro
1411 517 1504 595 parte
1526 508 1768 595 supereminens
1791 507 1871 571 citri·

194 633 268 713 tati,
298 650 404 715 capax
427 626 539 708 ualde,
569 626 623 713 qui
645 626 748 689 eciam
768 644 826 710 per
848 645 882 687 sc
904 624 983 687 satis
1006 646 1158 710 magnam
1190 624 1316 690 uidetur
1338 624 1562 717 posse-faeere
1584 624 1757 689 ciuitatem.
1801 620 1868 703 Qui

194 764 285 812 mons
307 745 437 809 inicium
460 741 583 807 habens
606 764 625 805 a
646 747 774 826 porta²)
798 761 954 825 aquarum
967 740 1024 815 ⁴³²)
1047 741 1115 805 siue
1134 741 1232 806 fontis
1254 741 1340 806 Siloe
1362 750 1473 806 contra
1496 741 1651 804 orientem
1672 738 1752 802 facit
1775 739 1869 803 semi·

194 860 348 927 circulum
371 882 429 946 per
452 858 620 921 circuitum
643 868 756 921 contra
777 864 924 920 austrum
945 876 1046 939 usque
1069 855 1110 920 ad
1133 856 1329 921 occidentem
1342 856 1428 938 ,ubi
1451 865 1521 920 erat
1539 857 1640 920 turris
1661 854 1784 919 Dauid.
1824 853 1871 919 Et

194 987 265 1042 erat
291 998 348 1063 per
379 985 479 1040 totum
510 974 605 1036 istum
629 971 783 1036 circulum
806 994 904 1057 rupes
926 984 1081 1058 prerupta
1105 984 1135 1035 et
1159 995 1255 1035 arcus
1278 972 1425 1036 similiter
1452 973 1545 1035 istius
1566 970 1780 1053 semicirculi,
1812 971 1870 1059 qui

194 1091 424 1181 appellabatur
446 1088 621 1170 ‚netto⁴³³),
653 1090 739 1152 circa
772 1088 862 1151 cuius
886 1086 1096 1173 repletionem
1125 1088 1209 1151 inter
1230 1099 1370 1152 montem
1394 1087 1471 1153 Sion
1501 1098 1533 1152 et
1553 1089 1716 1152 ciuitatem
1739 1088 1870 1152 inferio·

194 1231 263 1275 rem
291 1207 442 1293 leguntur
469 1227 563 1289 reges
585 1203 666 1269 Iuda
689 1203 859 1290 plurimum
882 1202 1126 1280 lalrorasse⁴³⁴).
1170 1206 1280 1263 Turris
1302 1225 1379 1267 uero
1401 1208 1507 1266 Dauid
1533 1204 1596 1269 sita
1615 1215 1663 1268 est
1683 1215 1796 1268 eontra
1818 1224 1870 1267 oc-

195 1324 353 1390 cidentem
386 1323 418 1385 in
448 1320 588 1408 quodam
615 1318 694 1384 colle
724 1321 825 1405 ipsius
848 1328 1003 1404 prerupto
1024 1320 1114 1405 rupis
1139 1327 1357 1405 competenter
1387 1321 1557 1401 eminenti,
1590 1330 1621 1384 et
1642 1341 1765 1405 uorago
1786 1321 1871 1406 ipsa,

195 1462 257 1527 que
278 1439 365 1502 uenit
388 1460 407 1500 a
429 1448 522 1523 parte
545 1434 678 1500 australi
701 1437 819 1499 montis
841 1434 926 1500 Sion.
949 1435 1190 1520 sequerrsb')⁴³⁵)
1219 1457 1289 1498 eam
1313 1457 1413 1521 usque
1441 1435 1483 1500 ad
1505 1437 1720 1517 occidentem,
1747 1435 1804 1501 ubi
1826 1447 1872 1500 te·

193 1556 268 1641 tigit
288 1576 401 1640 rupem
424 1555 522 1617 turris
544 1550 671 1632 Dauid,
703 1552 811 1615 statim
834 1549 1031 1614 curuabatur
1053 1549 1237 1614 inclinando
1260 1572 1294 1614 se
1317 1550 1358 1615 ab
1380 1551 1546 1617 occidente
1568 1566 1682 1619 contra
1704 1554 1872 1629 orientem,

195 1692 317 1758 gyrans
348 1671 453 1755 ipsam
485 1669 608 1732 turrim.
651 1666 693 1730 Et
721 1667 766 1730 ita
798 1679 867 1731 erat
893 1667 992 1730 turris
1020 1669 1054 1730 in
1080 1689 1161 1754 rupe
1184 1678 1215 1730 et
1235 1668 1268 1730 in
1290 1666 1431 1750 quodam
1457 1669 1574 1754 angulo
1596 1669 1764 1753 uoraginis
1784 1666 1872 1733 illius

196 1789 378 1853 constituta.
421 1783 525 1848 Uallis
555 1794 661 1847 autern
687 1785 755 1846 siue
783 1804 920 1868 uorago,
955 1806 1017 1869 que
1044 1784 1149 1869 ipsam
1180 1782 1349 1868 cingebat,
1379 1782 1586 1848 diuidebatur
1612 1784 1647 1847 in
1669 1783 1751 1849 duas
1769 1783 1872 1849 ualles

196 1901 386 1990 profundas,
409 1922 546 1987 quarum
569 1922 631 1963 una
655 1896 856 1985 procedebat
878 1908 990 1963 contra
1011 1897 1205 1985 aquilonem,
1230 1897 1294 1962 alia
1320 1912 1431 1963 contra
1453 1901 1617 1965 orientem.
1660 1899 1704 1963 Et
1723 1902 1785 1965 iste
1808 1899 1872 1965 due

195 2018 297 2083 ualles
319 2016 482 2081 faciebant
504 2015 603 2078 alium
625 2013 790 2099 angulum.
813 2016 995 2101 oppositum
1018 2015 1150 2099 angulo,
1172 2016 1204 2077 in
1227 2036 1289 2098 quo
1314 2028 1382 2079 erat
1404 2019 1502 2080 turris
1526 2014 1636 2080 Dauid
1658 2018 1735 2097 sita,
1758 2029 1790 2080 et
1810 2017 1873 2081 iste

118 2128 124 2135 ’
197 2133 333 2220 angulus
356 2144 426 2197 erat
448 2131 488 2196 do
511 2132 641 2195 ciuitate
662 2130 821 2205 inferiori,
844 2132 925 2194 sieut
947 2131 1030 2194 iulia
1053 2129 1185 2196 dicetur.

320 2247 425 2313 Uallia
454 2248 550 2332 igitur
576 2246 646 2327 illa,
678 2269 740 2333 que
766 2246 807 2310 de
837 2257 925 2310 turre
948 2245 1058 2310 Dauid
1092 2245 1324 2327 descendebat,
1357 2247 1555 2334 procedebat
1585 2250 1695 2335 utique
1717 2249 1750 2312 in
1772 2247 1874 2313 latere

197 2364 372 2454 aquilonali
393 2365 511 2427 montis
527 2362 605 2426 Sion
627 2384 728 2446 usque
752 2361 794 2426 ad
817 2372 957 2427 montem
982 2366 1127 2442 irratam,
1149 2364 1181 2425 in
1204 2384 1267 2447 quo
1289 2375 1358 2427 erat
1372 2362 1535 2450 templum,
1558 2386 1713 2449 separans
1728 2387 1748 2428 a
1764 2374 1873 2430 monte

198 2482 278 2548 Sion
306 2485 412 2568 ipsum
443 2489 583 2543 montem
606 2478 711 2543 llloria
741 2494 772 2543 et
801 2490 900 2544 totam
930 2479 1113 2542 inferiorem
1143 2480 1313 2542 ciuitatem.
1355 2478 1398 2542 Et
1427 2479 1643 2543 descendebat
1666 2503 1788 2566 uorago
1811 2484 1875 2547 ista

200 2597 305 2663 adlmc
335 2596 419 2660 ultra
450 2596 605 2677 usquein
628 2605 802 2659 torrentem
827 2595 955 2661 Cedron
978 2616 1036 2681 per
1057 2593 1178 2673 locum,
1211 2594 1266 2657 ubi
1288 2616 1372 2658 nunc
1393 2606 1440 2658 est
1463 2606 1557 2681 porta
1580 2618 1757 2682 aquarum,
1789 2599 1875 2663 inter

200 2726 341 2779 montem
364 2711 441 2775 Sion
461 2724 491 2773 et
515 2708 675 2795 palacium
695 2711 886 2791 Salomonis,
909 2709 993 2795 qnod
1017 2709 1200 2774 edificatum
1221 2710 1283 2774 fnit
1305 2712 1337 2773 in
1359 2722 1451 2796 parte
1474 2712 1608 2776 australi
1627 2716 1745 2779 montis
1758 2714 1867 2781 Moria

197 2830 242 2895 Et
263 2830 309 2892 ita
331 2849 456 2911 uorago
477 2827 539 2889 ista
561 2828 738 2912 antiquitus
761 2851 801 2891 ex
824 2829 910 2891 omni
941 2838 1033 2912 parte
1062 2825 1214 2911 cingebat
1243 2838 1383 2891 montem
1406 2829 1491 2893 Sion.
1535 2828 1637 2906 Hecu
1665 2841 1736 2895 erat
1758 2832 1874 2898 ciuitas

199 2944 321 3010 Dauid.
365 2942 485 3006 Uerum
512 2964 596 3004 nusae
622 2965 744 3027 uorago
772 2945 833 3007 ista
861 2952 960 3019 torna
988 2953 1036 3006 est
1056 2942 1195 3028 repleta,
1231 2955 1365 3029 possunt
1388 2954 1494 3007 tannen
1517 2943 1622 3008 adhuc
1643 2946 1712 3010 eius
1734 2950 1874 3035 uestigia

199 3059 381 3146 aliqualiter
403 3057 611 3143 deprehendi.

266 3220 293 3279 a)
307 3214 390 3278 parte
408 3204 448 3261 St.
465 3214 550 3277 porta
568 3205 593 3259 h.
613 3238 645 3246 —
663 3206 691 3275 b)
702 3209 792 3277 fipeaa
810 3207 849 3264 st.
870 3209 977 3275 clupeus
996 3207 1020 3259 h.
1040 3207 1111 3260 Edit.
1133 3208 1201 3261 Veu.
1219 3239 1250 3247 —
1270 3220 1296 3275 c)
1316 3208 1414 3261 naaria
1433 3210 1535 3278 passim
1553 3208 1593 3264 St.
1618 3240 1650 3249 -
1673 3210 1702 3275 d)
1721 3211 1752 3263 lr‘
1770 3210 1810 3267 st.
1828 3212 1873 3265 laic

335 3289 361 3343 h.
379 3320 410 3330 -
431 3293 456 3345 cl
473 3298 538 3343 aeota
556 3290 587 3345 St

200 3441 417 3500 consenserunt,
439 3431 487 3508 qui
510 3450 623 3488 urceum
646 3428 684 3487 ibi
706 3429 822 3488 fuerunt
844 3444 872 3488 et
895 3439 1015 3509 utraque
1056 3440 1171 3509 portam
1200 3432 1287 3490 tbntis
1310 3430 1409 3491 Silone
1436 3434 1606 3511 appellans,
1632 3433 1782 3495 meridiem
1812 3456 1875 3497 ver·

200 3532 369 3601 nouerant),
389 3528 467 3608 quod
492 3529 653 3587 Ierusalem
675 3528 800 3607 amplior
818 3530 908 3587 multo
929 3531 965 3587 sit
988 3541 1016 3588 et
1057 3550 1106 3587 sus
1136 3544 1268 3608 spectare
1298 3541 1395 3609 putat,
1428 3552 1541 3610 ponens
1563 3553 1627 3591 earn
1650 3534 1728 3592 inter
1753 3544 1875 3595 ruentem

200 3629 331 3706 longior,
363 3629 596 3705 quaerentique
619 3628 1017 3704 ciuitasrrrnydrbrtrqenrr's,
1058 3629 1145 3703 Sion,
1176 3640 1207 3687 ut
1235 3628 1311 3687 inira
1346 3629 1429 3701 dicit,
1466 3642 1492 3689 et
1517 3633 1672 3708 palacium
1699 3632 1875 3694 Salomonis.

201 3747 290 3806 quara
318 3728 442 3785 includit
471 3746 574 3785 erraras
597 3727 743 3784 circuiens
765 3730 800 3785 de
821 3737 926 3785 sancto
948 3728 1015 3784 Ara·
1059 3727 1149 3786 Porta
1170 3728 1258 3787 t'ontis
1280 3727 1378 3788 Siloae
1402 3742 1448 3789 est
1468 3731 1579 3802 eadem,
1601 3751 1677 3811 quae
1699 3743 1784 3811 porta
1807 3742 1877 3793 ster

200 3828 297 3885 bronio
330 3828 403 3899 (siue
425 3826 566 3901 Georpr'o,
593 3846 629 3884 ox
652 3826 709 3883 alia
730 3827 897 3904 scriptione}
927 3846 1017 3902 arque
1060 3828 1142 3889 coris.
1165 3828 1193 3884 in
1214 3829 1396 3888 meridionali
1418 3830 1564 3889 moenium
1581 3840 1672 3908 parte,
1710 3830 1746 3892 V.
1764 3831 1879 3892 'l'obler

201 3929 243 3985 ad
263 3946 370 3983 aonam
386 3925 532 3982 ciuitatem
550 3926 726 3985 e;rclusiae.“
763 3925 948 3984 Burebardus
966 3928 1017 4002 igi·
1061 3925 1193 4004 'l‘opogn
1223 3949 1249 3987 v.
1273 3930 1364 3990 lerus.
1394 3930 1418 3990 Ι.
1450 3933 1515 3989 152.
1548 3933 1612 3990 163.
1655 3928 1700 3989 Of.
1723 3928 1876 3991 Robinson

200 4034 248 4084 tur
274 4023 507 4102 Magdeburgurn
535 4022 738 4102 frequentavit.
783 4023 866 4082 ldem
894 4024 1018 4083 eflicitur
1059 4025 1123 4085 Pal.
1147 4026 1186 4084 ll.
1214 4031 1265 4087 121
1292 4040 1350 4087 not.
1378 4032 1443 4088 123.

200 4145 238 4185 aa
269 4126 316 4196 iis,
350 4143 425 4202 quae
458 4124 488 4180 in
520 4122 623 4181 eadem
655 4126 750 4202 priore
780 4125 949 4182 recensione
980 4123 1018 4181 ad
1124 4163 1195 4231 433)
1218 4160 1318 4234 Mello}
1349 4159 1440 4219 Hebr,
1460 4162 1536 4231 ὼ,
1558 4160 1657 4237 Μθῃον
1680 4160 1769 4221 habet
1789 4163 1877 4243 ναις,

200 4222 289 4283 fidem
319 4221 383 4281 eod.
412 4232 484 4280 vrat.
506 4220 534 4279 b.
558 4232 734 4280 arrnotantur
761 4221 799 4279 ad
815 4242 885 4301 cap.
909 4221 961 4282 Vl.
986 4228 1017 4282 7:
1062 4256 1108 4318 Cf·
1130 4257 1224 4316 pitter
1245 4256 1332 4316 XVI·
1355 4264 1424 4319 354·
1445 4264 1513 4319 390·
1555 4258 1591 4319 v·
1612 4260 1725 4320 'poblor
1747 4260 1825 4342 Top·
1849 4285 1877 4323 v·

202 4321 309 4397 „Quod
332 4321 463 4399 spacium
486 4320 590 4379 melius
611 4322 744 4379 estimare
766 4322 864 4399 potui,
886 4321 955 4399 quia
976 4340 1019 4379 se·
1062 4358 1152 4415 lorus.
1181 4357 1207 4415 I·
1238 4359 1275 4415 2„
1296 4377 1338 4435 sq.
1366 4368 1424 4417 no,
1449 4361 1481 4431 23
1509 4379 1537 4436 p.
1561 4364 1608 4419 37·
1644 4364 1708 4421 137·
1758 4360 1878 4423 Geoenii

201 4424 268 4502 Plus
292 4419 365 4481 illud
388 4420 569 4498 l'mm'ffilul
621 4422 743 4477 ”detur
770 4422 837 4477 ’'ul'‘
861 4440 922 4476 ⁰⁸⁸⁸
944 4429 1020 4477 mut
1063 4457 1209 4515 sententia
1228 4465 1273 4514 est
1293 4476 1361 4534 pars
1376 4457 1459 4521 arcis,
1482 4468 1510 4514 et
1530 4458 1675 4534 significat
1691 4462 1807 4520 ralluru.
1840 4460 1877 4523 V.

202 4524 238 4580 ‘l‘
258 4518 446 4595 Maddebmll
467 4519 498 4575 ὑὶ
520 4518 667 4593 Barb⁰l·“
711 4520 858 4597 Apparet’
882 4518 1021 4577 Barbium
1063 4554 1172 4629 llleg.
1195 4554 1250 4614 Xl.
1274 4558 1326 4613 27:
1349 4556 1417 4633 quia
1439 4554 1578 4614 Salomon
1602 4540 1765 4616 aedificavit
1779 4558 1879 4631 Mello,

202 4638 318 4699 (ΜΗΘ
340 4619 521 4677 ¹¹⁰ti⁸³lmu¹¹¹
542 4616 822 4676 fUfflBm'Chffl'd‘l·
867 4618 926 4690 QUi
942 4618 1021 4676 hand
1064 4665 1092 4711 et
1125 4655 1298 4731 coaequavit
1333 4656 1500 4729 voraginem
1535 4657 1659 4714 civitatis
1689 4657 1797 4718 David.
1847 4660 1879 4719 Il

204 4720 263 4779 ⁸⁰i⁰
287 4739 325 4777 ³¹¹
347 4737 406 4777 ¹¹⁰⁰
427 4736 464 4775 οἱ(
487 4715 640 4774 “mnitibus
661 4715 876 4787 barbifflfflibus'
898 4738 1020 4796 ‘luminu
1064 4752 1171 4813 Cluen.
1188 4752 1327 4811 XXXII.
1351 4760 1381 4812 5:
1405 4755 1576 4812 instauravit
1597 4755 1687 4814 Mello
1710 4757 1738 4814 iu
1761 4758 1880 4817 civitate

201 4820 282 4896 genti
304 4837 412 4877 nomon
431 4815 606 4872 Burclturde‘
627 4815 765 4872 usitatum
787 4816 877 4876 fuisse
898 4816 1021 4886 ridetur,
1064 4851 1171 4910 David⁸
1214 4853 1246 4910 H
1270 4850 1350 4909 Sam·
1391 4851 1401 4871 r

238 4915 244 4928 ·
429 4915 435 4927 Ι
978 4918 983 4928 .
1374 4851 1409 4911 l.
1434 4859 1467 4911 9:
1501 4865 1529 4912 et
1557 4852 1721 4913 aedificavit
1747 4877 1800 4935 per
1827 4878 1881 4936 gy-

204 4912 343 4973 anundus
362 4914 457 4985 luent,
477 4934 566 4993 quum
589 4934 751 4990 cognomen
773 4917 808 4971 de
828 4919 929 4974 atlante
950 4918 1020 4975 Stoa
1063 4971 1125 5007 rum
1148 4970 1166 5007 a
1187 4950 1275 5007 Mello
1298 4962 1326 5008 e,
1346 4952 1518 5011 intrinsecus

204 5012 362 5091 abaliquo
387 5013 513 5073 elaustro
536 5014 689 5092 repetitum
711 5032 775 5071 esse
797 5015 898 5092 possit.
1521 5003 1526 5013 ’

247 5114 318 5179 432)
340 5133 359 5169 α
384 5124 477 5187 porta
505 5112 660 5191 aquarum]
694 5110 784 5170 Porta
811 5132 965 5192 aquarum,
998 5115 1021 5172 si
1127 5088 1198 5157 434)
1219 5084 1381 5160 I⁰b⁰m³³⁰l
1404 5084 1440 5145 V·
1463 5088 1476 5145 Ι
1499 5086 1571 5164 Reg·
1594 5086 1640 5146 XI
1664 5092 1711 5148 ²⁷·

205 5207 407 5270 Robinsonnm
432 5214 575 5293 sequaris,
597 5232 656 5270 non
678 5222 740 5270 erat
760 5212 790 5269 in
812 5213 954 5271 exteriore
976 5233 1022 5270 ur·
1124 5216 1197 5287 435)
1219 5217 1349 5291 sequens]
1385 5217 1619 5289 Emendatione,
1641 5240 1727 5299 quarn
1750 5219 1882 5293 lecimus,

205 5307 250 5366 bis
272 5317 362 5386 parte,
384 5313 414 5369 in
435 5311 596 5385 moenibus,
620 5309 672 5372 sed
691 5311 791 5390 templi
810 5310 847 5369 ad
864 5330 944 5369 aram
959 5332 1022 5388 per·
1064 5333 1203 5390 sequena,
1232 5327 1260 5373 et
1283 5315 1412 5374 locorum
1435 5318 1517 5388 situi,
1540 5328 1569 5377 et
1590 5319 1801 5379 vocabulorum
1823 5320 1881 5380 for·

206 5407 327 5464 tinuisse
348 5406 470 5483 videtur,
493 5410 674 5470 occidentem
696 5430 797 5471 versus
818 5412 881 5471 sita.
914 5409 951 5471 V.
966 5410 1020 5468 no·
1063 5414 1118 5471 mis
1140 5416 1232 5491 magis
1252 5417 1415 5475 consultum
1437 5415 1623 5489 volebamus,
1651 5438 1739 5497 quum
1762 5422 1882 5500 scriptio

207 5505 312 5564 binson
335 5505 400 5565 Pal.
422 5509 462 5566 Il.
489 5514 552 5569 118.
596 5508 654 5583 Qui
676 5513 821 5570 siveram
844 5508 925 5579 vidit,
947 5522 1023 5568 errat
1065 5513 1183 5588 clepens
1210 5516 1306 5574 minus
1332 5535 1425 5594 prope
1454 5515 1578 5574 accedat
1598 5517 1636 5576 ad
1658 5517 1781 5577 formam
1804 5518 1883 5579 eodi-

208 5603 409 5679 Burebardus,
442 5609 489 5685 qui
517 5620 630 5686 portam
658 5629 798 5689 aquarum
826 5611 882 5668 alio
905 5609 1022 5667 nomine
1065 5612 1106 5670 cis
1129 5610 1171 5672 St.
1187 5614 1295 5692 fipens,
1317 5634 1403 5692 quam
1426 5634 1556 5689 sequena.
