4214 6096
1094 314 1150 371 104

250 506 315 559 eet
336 514 454 558 exores
476 513 604 571 eorum,
627 487 749 553 scilicet
769 488 856 569 Eua,
885 488 983 568 Sara,
1015 485 1165 553 Rebecca
1187 499 1219 552 et
1237 487 1318 574 Lya.
1362 488 1469 574 Caput
1488 486 1561 552 Ade
1582 498 1631 551 est
1651 489 1738 553 intra
1758 510 1886 553 murum
1907 510 1957 553 ee·

251 609 380 680 eclesie
408 620 520 673 contra
547 604 665 685 altare,
694 613 725 668 et
752 603 887 669 multum
919 600 1096 667 honoratur
1126 627 1146 668 a
1168 604 1367 669 Sarracenis.
1410 601 1454 667 Et
1474 602 1521 666 ibi
1542 614 1592 667 est
1613 604 1647 666 in
1666 614 1761 689 petra
1781 604 1957 690 scriptum:

251 730 360 801 s„}1ic
390 729 464 785 incer
492 733 581 801 repat
608 724 698 782 Artef‘
748 719 854 783 Extra
882 716 1052 783 ecelesiam
1078 722 1112 781 in
1145 722 1278 797 cenail)
1313 741 1427 783 vorsus
1456 719 1706 803 septentrionem
1741 730 1791 783 est
1815 718 1958 785 tumulus

236 827 266 943 ,3
283 837 401 924 Ioseph
423 837 545 901 venditi
567 838 601 898 in
623 835 765 920 Egypto.
808 832 852 897 Et
873 832 1005 896 multum
1028 832 1205 898 honoratur
1228 857 1248 897 a
1269 835 1469 899 Sarracenis.
1510 832 1565 897 Ad
1592 834 1711 898 iactum
1733 834 1851 900 baliste
1871 858 1893 901 a
1913 838 1959 901 ci-

281 957 382 1019 uitate
403 966 452 1017 est
474 953 594 1037 cripta,
621 953 654 1014 in
676 973 739 1036 qua
760 948 867 1012 Adam
889 970 962 1012 curn
984 948 1056 1012 Eua
1078 950 1217 1035 penituit
1239 962 1365 1013 centum
1396 950 1489 1013 annis
1511 960 1585 1035 post
1612 961 1747 1015 mortem
1768 949 1870 1033 Abel,
1899 950 1959 1017 filii

235 1094 262 1144 11
284 1072 349 1151 sui,
382 1092 477 1156 quem
500 1067 594 1151 Cayn
614 1064 740 1130 occidit.
781 1063 911 1127 Deinde
932 1063 1040 1129 Adam
1068 1068 1269 1130 conmonitus
1300 1065 1341 1129 ab
1366 1064 1481 1150 angelo
1511 1066 1662 1149 cognouit
1680 1065 1803 1149 Euam,
1831 1067 1872 1132 de
1894 1090 1960 1156 qua

236 1206 266 1257 12
283 1188 395 1273 genuit
415 1185 502 1248 Seth.
545 1181 675 1245 Deinde
700 1180 742 1243 ad
765 1179 845 1244 duos
867 1181 970 1244 iactus
992 1180 1111 1245 baliste
1133 1193 1181 1245 est
1194 1191 1271 1259 sons
1292 1185 1372 1242 beate
1395 1184 1538 1259 cirpiais,
1568 1181 1608 1245 de
1639 1204 1701 1268 quo
1729 1184 1802 1269 ipsa
1823 1182 1908 1248 bibit
1928 1194 1961 1249 et

285 1302 365 1367 lauit
387 1322 512 1387 pannos
534 1297 592 1361 filii
615 1298 674 1360 sui.

254 1454 265 1503 1
411 1433 490 1518 Cap.
511 1430 630 1494 XLIII.
675 1428 823 1493 Secundo
844 1427 984 1491 miliario
1007 1427 1048 1491 ab
1063 1426 1177 1490 Ebron
1198 1449 1312 1492 versus
1333 1427 1500 1492 meridiem
1523 1431 1556 1494 in
1576 1428 1683 1494 medio
1705 1431 1778 1516 agri
1798 1442 1848 1495 est
1862 1429 1962 1515 gleba

253 1548 437 1623 trubeaV)
448 1597 456 1627 ,
488 1568 550 1633 que
577 1546 618 1609 ab
646 1544 760 1609 incolis
790 1542 909 1608 loditur
938 1554 969 1607 et
996 1543 1185 1607 comeditur.
1228 1542 1299 1622 Que
1327 1566 1385 1630 per
1406 1544 1572 1631 Egyptum
1599 1544 1723 1609 venalis
1753 1554 1902 1631 portatur
1928 1556 1963 1611 et

254 1688 347 1753 apro
370 1662 538 1750 speciebus
562 1662 738 1725 carissimis
761 1662 886 1724 entitur.
931 1659 974 1722 Et
1004 1668 1295 1744 ‹piranturncumque
1325 1659 1490 1739 effoditur,
1519 1672 1597 1745 ager
1627 1661 1718 1725 finito
1739 1684 1822 1727 anno
1845 1663 1963 1727 reinte-

287 1790 401 1867 gratus
424 1779 594 1864 reperitur.

256 1937 267 1986 1
412 1911 493 1995 Cap.
512 1908 633 1972 XLIV.
677 1907 825 1972 Secundo
847 1906 985 1971 miliario
1006 1928 1120 1970 vorsus
1142 1904 1307 1969 Betlehcm
1332 1906 1374 1969 ab
1397 1906 1510 1971 Ebron
1531 1920 1579 1971 cst
1600 1908 1708 1990 locus,
1730 1907 1787 1973 vbi
1807 1909 1962 1985 Ionas⁹⁸)

256 2047 271 2098 2
289 2027 450 2115 propheta
472 2025 633 2103 nutnebat,
656 2034 826 2108 postquam
848 2025 935 2086 venit
957 2023 997 2087 de
1019 2023 1145 2086 Niniue.
1191 2021 1234 2085 Et
1255 2021 1300 2085 ibi
1320 2034 1465 2086 mortuus
1488 2035 1536 2086 est
1558 2037 1588 2087 et
1611 2023 1765 2111 sepultus.

258 2182 268 2232 1
413 2157 492 2242 Cap.
515 2154 616 2219 XLV.
661 2154 810 2219 Secrmdo
833 2153 969 2218 miliario
981 2156 1022 2229 99)
1050 2153 1092 2216 ab
1112 2152 1224 2217 Ebron
1246 2176 1360 2217 versus
1381 2153 1547 2217 meridiem
1569 2167 1617 2218 est
1638 2154 1745 2237 locus,
1775 2155 1832 2221 vbi
1853 2157 1960 2223 Abra-

288 2275 364 2340 ham
388 2274 494 2337 orauit
520 2293 580 2356 pro
603 2269 704 2350 Loth,
734 2269 862 2355 quando
885 2271 972 2332 venit
994 2269 1033 2333 dc
1058 2266 1175 2353 Segor,
1204 2268 1454 2333 asubuersionc
1484 2271 1624 2334 ciuitatis
1647 2271 1798 2357 precibus
1820 2274 1890 2339 eius
1911 2294 1962 2339 re·

256 2403 426 2455 tseruata.
468 2386 518 2451 lbi
540 2388 632 2449 iuxta
655 2397 704 2449 est
727 2384 826 2465 locus,
848 2384 904 2448 vbi
921 2386 1014 2469 Cayn
1035 2383 1153 2447 oceidit
1174 2384 1305 2448 fratrem
1329 2408 1420 2448 suuni
1441 2385 1524 2448 Abel
1547 2388 1579 2448 in
1601 2409 1715 2472 eampo
1738 2389 1831 2452 iuxta
1848 2410 1964 2475 agrum

289 2507 537 2570 Danrascenusn.

259 2644 269 2692 l
414 2634 493 2721 Cap.
518 2632 637 2696 XLVI.
681 2634 787 2717 Supra
809 2630 921 2694 Ebron
947 2633 1003 2695 via
1024 2631 1129 2695 medie
1157 2630 1242 2694 dicte
1264 2631 1306 2694 ad
1328 2630 1489 2697 desertum
1513 2636 1606 2698 Surio
1637 2634 1688 2698 vel
1710 2634 1812 2719 Sirie,
1844 2638 1877 2699 ia
1899 2660 1963 2725 quo

288 2763 412 2838 vagant
427 2753 479 2827 ¹⁰⁰)
507 2749 653 2813 homines
673 2745 858 2827 siluestres,
888 2746 1011 2810 seilicet
1033 2746 1201 2810 Badewini
1217 2750 1287 2823 ¹⁰¹),
1319 2747 1456 2814 habetur
1486 2750 1621 2835 pulchra
1641 2752 1772 2833 ciuitas,
1805 2774 1890 2816 nunc
1911 2752 1965 2817 de

257 2894 272 2944 2
291 2881 395 2949 serta,
424 2869 570 2928 Bersabee
591 2872 724 2940 vocata,
755 2883 817 2946 que
840 2873 889 2925 est
908 2864 1041 2926 inicium
1062 2861 1158 2926 Iudee
1179 2884 1235 2925 seu
1256 2873 1342 2927 terre
1364 2866 1597 2950 promissionis.
1641 2867 1712 2931 Hoc
1734 2877 1803 2931 erat
1822 2865 1909 2932 bona
1930 2878 1963 2933 et

291 2981 480 3072 spectabilis
502 2979 614 3043 vltime
636 2991 783 3063 tempore
805 2978 1073 3043 Christianorum.

258 3117 274 3233 Ξ
414 3114 445 3177 Α
467 3111 580 3175 Ebron
602 3111 717 3195 incipit
738 3109 832 3173 vallis
855 3114 1006 3189 sternere,
1034 3131 1096 3196 que
1122 3110 1323 3196 protenditur
1352 3113 1418 3176 fere
1448 3135 1547 3199 vsque
1569 3113 1776 3179 Ilrerusalem.
1818 3116 1893 3181 Non
1915 3140 1964 3183 re

292 3244 377 3296 mete
398 3229 439 3293 ab
462 3226 573 3291 Ebron
596 3237 645 3291 est
666 3248 757 3289 mons
780 3230 929 3301 theutone,
958 3241 989 3289 ot
1016 3228 1049 3290 in
1078 3228 1150 3313 ipso
1180 3240 1286 3291 ruente
1316 3238 1380 3292 stat
1406 3228 1521 3310 arbor,
1552 3227 1673 3293 scilieet
1702 3252 1839 3316 quercus
1861 3232 1966 3316 arida,

292 3369 354 3435 que
377 3345 418 3408 ab
440 3343 629 3428 antiquitate
652 3363 711 3404 sua
735 3340 876 3426 speciale
899 3341 960 3406 sibi
983 3364 1100 3405 nornen
1123 3346 1240 3407 meruit
1261 3343 1381 3408 habere
1403 3346 1435 3407 in
1456 3345 1607 3408 vniuerso
1628 3344 1756 3423 mundo,
1779 3357 1810 3409 et
1829 3362 1967 3414 vocatur

259 3456 387 3570 {arbor
410 3465 499 3522 sie-e.
544 3458 716 3521 sarraceni
741 3456 851 3520 dicsmt
874 3458 1115 3538 ean1‹lirp¹⁰'²).
1159 3459 1230 3523 Heo
1254 3459 1395 3523 creditur
1418 3461 1545 3523 stetisse
1568 3484 1588 3524 a
1611 3474 1752 3546 tempore
1771 3461 1914 3547 Abrahe,
1935 3475 1968 3530 et

293 3577 422 3666 quidem
436 3579 489 3651 103)
511 3574 552 3638 ab
575 3574 672 3637 inicio
695 3573 816 3653 inundi,
839 3574 958 3655 virens,
980 3573 1083 3638 donec
1105 3576 1267 3661 passionis
1290 3574 1411 3640 Christi
1432 3587 1575 3663 tempore
1600 3578 1786 3642 siccaretur.

416 3691 497 3778 Cap.
520 3689 658 3753 XLVII.
697 3689 735 3751 In
758 3688 841 3752 valle
859 3693 994 3751 itlnmbre
1016 3701 1065 3755 est-
1084 3690 1183 3772 locus,
1205 3690 1262 3754 vbi
1279 3690 1446 3755 Abraham
1468 3692 1583 3756 sedens
1605 3694 1638 3757 in
1661 3694 1743 3758 ostio
1765 3693 1968 3761 tabernaculi

294 3822 360 3875 tros
383 3809 464 3873 vidit
484 3817 515 3871 et
536 3829 636 3871 vnum
659 3804 810 3868 adorauit
825 3806 888 3881 ¹⁰⁴).

262 3942 274 3993 1
418 3924 498 4009 Crep.
519 3922 669 3988 XLVIII.
713 3919 793 3982 VII⁰
815 3920 954 3984 miliario
972 3924 1026 3999 105)
1056 3922 1096 3986 dc
1116 3921 1315 3986 lherusalern
1337 3922 1411 4003 via,
1438 3945 1499 4007 quo
1521 3923 1609 3987 ducit
1629 3924 1784 4011 Sychem,
1818 3938 1867 3991 est
1887 3952 1968 3991 raom

261 4045 276 4097 2
298 4042 405 4104 Getae
420 4040 475 4115 100)
496 4039 528 4100 in
550 4036 637 4101 tribu
654 4036 847 4121 Beniamyn,
869 4035 1064 4101 collateralis
1086 4059 1142 4101 seu
1164 4039 1334 4123 contiguus
1358 4041 1456 4102 monti
1479 4040 1663 4104 offensionis
1679 4042 1741 4119 ΗΠ).
1784 4042 1827 4106 Et
1851 4043 1968 4111 diuidit

261 4166 349 4220 :teos
371 4155 435 4233 via,
458 4174 519 4237 quc
540 4151 627 4215 ducit
648 4150 688 4214 dc
709 4151 794 4215 valle
814 4152 971 4237 Iosephat
991 4155 1025 4215 in
1046 4152 1248 4217 Bethaniam.
1293 4153 1337 4217 Et
1358 4154 1476 4217 dieitur
1505 4179 1586 4216 anons
1613 4162 1784 4236 offensionis
1813 4181 1850 4224 eo
1879 4158 1966 4249 quod

261 4284 354 4335 trex
377 4267 526 4333 Salemon
549 4268 658 4352 posuit
678 4269 711 4330 in
734 4289 770 4332 eo
791 4266 925 4353 ydolum
946 4268 1093 4351 llloloch,
1121 4267 1262 4333 adorans
1281 4268 1370 4333 illud.
1411 4270 1454 4333 Et
1476 4294 1496 4333 a
1517 4271 1712 4356 quibusdam
1741 4287 1877 4340 vocatur
1903 4280 1965 4342 Ga-

295 4390 382 4465 lilea,
408 4383 465 4447 vbi
487 4381 651 4463 Christus,
675 4404 746 4445 curn
770 4385 966 4447 surrexisset
986 4407 1006 4448 a
1028 4385 1182 4466 mortuis,
1211 4387 1363 4470 apparuit
1386 4385 1554 4471 discipulis
1576 4389 1668 4452 iuxta
1695 4389 1830 4454 verbum
1851 4392 1968 4477 angeli,

263 4499 516 4573 adicensiswts:
540 4503 683 4560 Precedet
707 4522 757 4559 rios
779 4504 809 4560 in
835 4502 982 4561 Galilaea
1005 4512 1065 4563 etc.
1109 4500 1161 4563 Ex
1183 4503 1332 4586 opposito
1352 4504 1470 4565 montis
1493 4501 1581 4587 Syon
1604 4516 1652 4568 cst
1674 4528 1780 4586 mons,
1803 4507 1858 4570 vbi
1877 4530 1964 4573 nunc

358 4708 409 4773 90)
431 4700 517 4761 valle.
561 4700 608 4760 Cl‘.
631 4702 781 4778 Ducange.
1154 4703 1420 4781 interpretationem
1434 4703 1636 4764 Maundevillii
1653 4727 1705 4768 ms.
1725 4707 1970 4787 hamburgensem

357 4840 408 4907 97)
432 4832 478 4895 Cf.
501 4831 540 4892 M.
561 4830 763 4891 Thietmurutn
785 4834 825 4894 X.
851 4841 883 4893 lli
908 4854 935 4911 p,
959 4837 1006 4893 29,
1152 4824 1180 4880 Ρ·
1204 4806 1248 4861 Ῑ8·

359 4971 410 5040 98)
433 4964 478 5024 cf.
500 4964 652 5024 Robinson
673 4966 789 5025 Neuere
809 4964 931 5023 Forsch.
953 4987 979 5044 p.
1003 4970 1070 5026 309.
1155 5001 1202 5071 ci„
1220 4900 1482 5079 ζῗιῖᾞὲξζὶωῗί,
1505 4903 1752 5080 ἓῑῖιῖξῃ.9”ἱώ’”’·
1794 4905 1859 4965 N⁰⁰
1888 4906 1969 4967 ⁸¹²ffi'

360 5102 411 5169 99)
432 5097 530 5175 Negat
551 5097 638 5156 Titus
661 5097 782 5160 'I'oblen
1221 5104 1290 5170 101)
1313 5097 1379 5157 Vid.
1402 5100 1441 5161 M.
1464 5101 1664 5162 'l'hietmarum
1684 5103 1724 5165 IL
1747 5108 1783 5165 21
1807 5125 1837 5184 p.
1859 5108 1907 5167 29.

365 5236 432 5302 ¹00,
455 5230 473 5289 ἱ.
496 5249 520 5289 θ.
543 5239 653 5307 ,agam
674 5249 697 5289 3·
714 5239 869 5308 ,23me
1221 5203 1289 5309 ldt)
1319 5197 1456 5261 Secundo
1484 5201 1544 5261 mil.
1572 5201 1661 5262 hahet
1688 5201 1763 5263 liber
1792 5223 1859 5277 ms,
1889 5201 1970 5283 quod

1156 5313 1343 5357 correximus.

363 5366 432 5430 ¹⁰¹)
455 5360 588 5421 Bedaini·
1221 5400 1288 5457 106l
1311 5396 1399 5456 Nune
1419 5398 1595 5460 Dseleba'a.

363 5497 437 5555 102)
453 5492 669 5565 Manndevillc‚
701 5497 750 5574 qui
773 5494 850 5553 hune
872 5492 993 5553 Odoriei
1015 5492 1112 5552 locum
1221 5500 1288 5565 101)
1310 5495 1451 5557 scandali.
1492 5497 1531 5563 V.
1551 5497 1647 5558 Ritter
1667 5498 1753 5560 XVI.
1775 5503 1843 5561 322.
1865 5502 1935 5562 stt.

300 5593 489 5672 exscripsisse
512 5590 640 5665 videtur,
667 5592 755 5653 habet
777 5596 855 5669 ἀήρ.
902 5592 968 5652 vid.
991 5592 1113 5651 latinam
1218 5598 1287 5667 108)
1307 5594 1398 5653 Marci
1419 5595 1505 5661 XVI.
1531 5602 1556 5654 7.
