4214 6096
978 362 1033 421 157

292 539 373 625 Cap.
393 538 514 603 LXIV.
556 538 623 603 111⁰
644 537 783 602 miliario
797 539 853 616 137)
881 561 901 601 a
923 536 1122 602 lherusalem
1149 538 1236 601 intra
1263 548 1383 601 terram
1405 534 1542 623 pulchra
1561 538 1677 602 ciuitas
1697 550 1746 603 cst
1768 540 1840 622 sita,
1864 567 1875 616 1

169 654 247 722 olim
265 655 395 719 nomine
414 659 529 735 Rama,
557 653 615 717 sed
638 659 716 715 Bael
736 675 821 717 nunc
841 663 974 736 vocata,
1004 664 1037 719 et
1062 656 1096 718 in
1117 654 1187 718 loco
1208 652 1426 738 pulcherrimo
1449 666 1481 716 et
1502 652 1687 718 delectabili
1708 676 1746 718 ac
1770 678 1841 719 sua·

166 772 302 837 nissimo
335 772 468 851 situata,
498 779 529 835 et
557 793 621 834 nen
650 768 692 833 ab
726 769 798 833 aliis
826 771 890 835 nisi
916 792 936 833 a
958 769 1152 835 Christianis
1184 768 1374 832 inhabitata.
1419 768 1473 832 Ex
1496 768 1557 832 hac
1580 770 1711 834 ciuitate
1732 771 1873 843 omniaa

167 889 253 969 vina,
274 909 335 973 que
357 885 534 951 Christiani
557 890 590 951 in
612 886 812 949 Iherusalem
833 895 864 949 et
884 887 919 948 in
941 885 1014 949 aliis
1035 885 1114 949 locis
1137 884 1261 964 bibunt,
1283 884 1504 970 deportantur.

291 1002 374 1088 (lap.
395 1000 497 1065 LXV.
540 1001 690 1065 XX1111⁰
717 1000 855 1065 miliario
873 1002 927 1077 Ι31)
956 1023 976 1063 a
1002 1001 1105 1087 Ioppe
1133 1013 1182 1063 est
1214 1004 1345 1062 Cesarea
1377 1001 1508 1081 ciuitas,
1539 1001 1726 1086 metropolis
1747 1002 1871 1070 Pale-1

168 1120 265 1199 stine,
300 1119 363 1181 sita
392 1139 489 1204 super
520 1116 595 1180 litus
625 1118 732 1180 maris.
782 1115 854 1196 Qec
887 1116 1050 1202 quondam
1077 1115 1255 1180 vocabatur
1280 1121 1360 1193 Der,
1398 1115 1454 1179 sed
1483 1139 1569 1179 nunc
1596 1130 1643 1180 est
1667 1117 1874 1185 destructae

167 1234 264 1299 Hanc
286 1234 449 1297 ciuitatem
472 1232 631 1313 Herodes,
654 1254 712 1296 rex
735 1231 841 1313 Iudee,
864 1232 1033 1318 ampliauit
1055 1243 1087 1295 et
1108 1231 1150 1295 ad
1171 1232 1328 1296 honorem
1352 1230 1490 1316 Augusti
1513 1232 1643 1297 Ceseris
1666 1234 1874 1300 Cesarcams

166 1350 307 1415 vocauit.
349 1348 393 1412 Et
421 1351 511 1434 regio
534 1347 700 1412 Palestina
729 1348 850 1433 incipit.
893 1350 931 1412 lu
952 1348 1014 1412 hac
1036 1348 1167 1413 ciuitate
1189 1359 1238 1410 est
1259 1346 1397 1411 ccclesia
1427 1351 1530 1413 sancti
1552 1350 1657 1430 l'etri,
1691 1333 1875 1447 edificata}

167 1466 208 1530 de
240 1465 336 1529 domo
360 1463 517 1546 Cornelii,
545 1484 640 1549 quem
668 1462 782 1526 boatus
803 1464 919 1527 Petrus
953 1466 1112 1528 conrrcrtit
1134 1475 1165 1526 ct
1186 1462 1368 1549 baptizarit
1390 1465 1477 1527 etin
1499 1466 1688 1551 episcopum
1710 1465 1839 1529 ordina-

167 1584 229 1663 uit3
256 1591 288 1646 ct
317 1582 378 1644 fuit
402 1581 557 1643 centurie.
598 1578 652 1641 Ex
682 1600 721 1642 ca
747 1580 808 1642 fuit
837 1582 938 1643 eciam
962 1579 1149 1665 Philippus,
1179 1601 1261 1641 vnus
1288 1579 1328 1643 de
1350 1579 1413 1644 Vll
1435 1578 1591 1665 dyaconis
1620 1581 1659 1644 ab
1681 1581 1872 1666 apostolis6

168 1696 337 1775 ordinatis,
360 1695 483 1759 habens
506 1704 643 1781 quatuor
664 1693 749 1757 filias
771 1695 994 1780 prophetissas
1011 1695 1074 1775 ¹³⁹),
1097 1716 1169 1758 cum
1191 1694 1306 1778 quibus
1330 1697 1400 1780 ipse
1422 1694 1565 1780 sepultus
1586 1696 1654 1760 l'uit.
1693 1694 1736 1759 Et
1760 1695 1872 1759 elici-7

167 1824 220 1877 tar
249 1815 378 1874 Cesarea
401 1816 568 1891 Palestina,
601 1822 632 1873 et
664 1834 727 1875 non
749 1810 903 1896 Philippi.
944 1811 1009 1874 Hic
1036 1810 1199 1897 (piendam
1226 1812 1287 1874 l'uit
1314 1813 1414 1875 turris
1446 1813 1615 1875 Stratonis.
1658 1812 1694 1874 ln
1724 1833 1763 1874 ea
1792 1792 1874 1909 estg

169 1950 280 1993 carcer
302 1948 402 2013 supra
422 1924 608 2005 ecclesiam,
635 1925 692 1989 vbi
714 1925 826 1989 beatus
849 1925 969 1989 l’aulus
992 1925 1157 2011 apiostolus
1177 1926 1274 2011 longo
1298 1938 1443 2012 temporo
1473 1928 1534 1990 l'uit
1557 1926 1712 1991 detentus.
1760 1927 1840 1990 lnde
1861 1944 1891 1993 10

168 2065 307 2129 pergens
328 2042 474 2121 Romam,
497 2055 686 2105 consecutus
709 2052 757 2105 est
780 2065 871 2105 suam
893 2041 1149 2127 appellacionem
1172 2042 1431 2128 apostolarionis.
1473 2042 1581 2105 Extra
1612 2058 1734 2105 carnot
1757 2043 1840 2104 inter
1865 2059 1889 2106 11

170 2170 258 2225 ortos
285 2170 332 2221 est
362 2168 469 2242 petra,
504 2179 565 2242 que
595 2168 729 2220 vocatur
751 2161 873 2218 Domini
895 2162 995 2218 tabula
1011 2159 1083 2240 ¹⁴⁰),
1118 2158 1173 2222 vbi
1201 2160 1272 2243 ipse
1302 2181 1373 2221 cum
1401 2156 1569 2243 discipulis
1593 2158 1659 2221 suis
1689 2155 1842 2219 eernrcdit.

168 2277 266 2341 quta
293 2273 383 2338 illam
413 2283 462 2335 est
484 2270 654 2352 cathedra,
685 2294 781 2356 super
811 2296 908 2359 quum
931 2273 1045 2337 beatus
1067 2274 1182 2336 Petrus
1214 2272 1380 2357 apostolus
1411 2275 1542 2336 missam
1565 2272 1751 2336 celebrauit.
1796 2272 1840 2335 Et
1861 2254 1893 2372 l}

170 2391 233 2456 alie
254 2400 320 2454 tres
341 2409 454 2473 grosse
477 2400 577 2473 petre,
599 2409 660 2472 que
682 2387 810 2451 luerunt
832 2388 1028 2452 candelabra
1049 2411 1116 2451 sua.

294 2503 517 2591 Cep.LxV1.
560 2503 608 2565 flu
631 2503 769 2567 miliario
791 2528 809 2567 a
831 2504 973 2568 Cesarea
995 2514 1044 2567 rest
1063 2526 1167 2589 parua
1191 2504 1332 2589 capella,
1362 2505 1416 2568 vbi
1439 2504 1568 2567 (lomina
1591 2516 1701 2566 nostra
1721 2505 1842 2567 morari

171 2620 361 2710 quandoque
384 2618 516 2683 solebat.
558 2618 629 2682 Hoc
651 2619 690 2682 de
713 2630 800 2682 terra
822 2630 934 2683 saneta
955 2620 1124 2683 sufficiant.

675 2836 754 2922 cap.
775 2836 911 2899 LXVII.
953 2835 1015 2898 DE
1037 2834 1335 2901 MAOlIOhlETO.

295 2983 515 3048 Machometus
537 2986 645 3048 statim
674 2996 749 3070 pest
769 2996 917 3071 tempora
938 2985 1026 3049 beati
1046 2985 1202 3069 Eugenii,
1231 3008 1347 3071 parum
1376 2997 1449 3050 unte
1472 2998 1616 3070 tempora
1640 2984 1762 3047 Eraclii
1786 2983 1873 3048 ati-¹

172 3099 398 3167 hominahilem
420 3114 451 3162 et
471 3099 689 3164 execrabilem
712 3100 893 3164 doctrinam
916 3124 1010 3165 suam
1029 3105 1134 3186 primo
1156 3103 1190 3166 in
1208 3102 1343 3184 Arabia,
1366 3101 1450 3165 vnde
1473 3100 1626 3163 oriundus
1649 3101 1788 3181 exstitit,
1812 3114 1843 3163 et

172 3230 286 3305 postea
304 3215 433 3279 bestiali
459 3216 579 3302 pupulo
609 3218 642 3279 in
672 3216 821 3301 partibus
843 3218 974 3298 vicinis,
1009 3217 1192 3281 hominibus
1220 3217 1357 3282 rudibus
1385 3228 1415 3280 ct
1443 3216 1573 3281 incultis
1594 3218 1714 3303 partim
1736 3215 1843 3301 predi-

173 3343 319 3407 cauernt,
338 3333 523 3417 partimque
546 3354 604 3417 per
626 3335 772 3396 timerem
796 3345 827 3394 ct
848 3332 1039 3396 violenciam
1061 3335 1094 3396 in
1117 3355 1258 3397 errorem
1283 3358 1373 3398 sumn
1395 3333 1650 3399 contradicentes
1672 3332 1842 3419 inpulerat.

175 3450 274 3515 Cuius
296 3469 498 3511 successores
520 3458 609 3512 temto
632 3450 758 3513 leruore
780 3460 811 3511 et
833 3449 941 3512 lurore
964 3449 1135 3535 dyabolica
1159 3453 1304 3514 succensi
1328 3461 1417 3531 sunt,
1449 3462 1485 3513 vt
1510 3452 1543 3513 in
1564 3449 1751 3535 pestiferam
1772 3448 1877 3511 sla-2

173 3564 310 3629 chometi
340 3562 520 3626 doctrinam
546 3587 610 3627 non
639 3565 739 3628 solum
769 3564 878 3628 verbis
912 3577 943 3629 et
963 3566 1249 3630 exhortacionibus
1271 3566 1409 3652 populos
1430 3567 1620 3650 insipientes
1643 3564 1843 3646 inducerent,

173 3680 231 3746 sed
260 3681 363 3743 eciam
395 3692 480 3743 metu
509 3691 539 3743 et
567 3679 684 3760 gladiis
704 3691 770 3741 tam
787 3680 930 3755 Arabes,
961 3704 1057 3765 qumn
1088 3680 1259 3745 orientales
1283 3681 1420 3767 populos
1442 3680 1641 3766 inpellerent.
1686 3680 1878 3743 Seeluctorss

173 3807 280 3861 autem
301 3795 364 3876 ille,
388 3798 441 3881 qui
464 3795 568 3857 dictus
591 3807 639 3857 est
660 3794 897 3877 blachernetus,
920 3799 1013 3881 <pressi
1036 3797 1117 3861 alter
1138 3797 1355 3861 Antichristus
1379 3810 1409 3861 ct
1431 3798 1667 3884 primogenitus
1691 3797 1843 3876 Sathane,

172 3923 336 3998 tamquam
360 3910 482 3973 bathan
510 3913 543 3974 in
572 3909 722 3993 angelum
747 3910 828 3974 lucis
857 3914 1108 3997 transfiguratus
1137 3914 1273 3989 (scilicet
1294 3915 1357 3977 Dei
1386 3915 1530 3977 maxima
1562 3912 1770 3997 indulgencia
1797 3912 1844 3973 in-

173 4028 398 4114 dignacionem
420 4049 572 4110 magnarii
587 4029 643 4105 ¹¹¹¹)
665 4028 842 4090 sustinente
863 4039 894 4090 ct
916 4029 1030 4092 merito
1052 4050 1170 4111 genere
1193 4029 1332 4094 humano
1355 4036 1580 4116 cooperante),
1604 4029 1714 4114 plures
1731 4038 1845 4114 gentes

173 4144 329 4231 pervertit
352 4153 383 4205 ct
403 4143 435 4204 in
458 4165 600 4205 errorem
622 4164 713 4205 srsrun
735 4144 849 4224 traxit,
884 4166 981 4229 quam
1004 4143 1121 4231 aliquis
1144 4145 1226 4209 alius
1249 4146 1408 4210 hereticus
1432 4157 1506 4210 antc
1528 4159 1655 4231 tempus
1677 4146 1780 4230 ipsius
1802 4142 1845 4206 le·

172 4274 267 4347 gutur
298 4257 495 4322 subuertisse
524 4269 582 4321 aut
603 4259 719 4344 aliquis
741 4259 967 4343 predicacione
995 4272 1026 4323 ot
1054 4261 1219 4324 ninaculis
1246 4264 1427 4347 reperiatur
1449 4262 1493 4325 ad
1514 4261 1691 4325 Dominum
1714 4281 1846 4324 conuer-

172 4378 258 4441 tisse.
299 4375 462 4439 Doctrina
490 4373 612 4437 scilicet
640 4377 708 4438 (eius
738 4391 772 4438 vt
808 4400 940 4462 serpens
957 4378 1031 4456 112),
1060 4388 1094 4439 rt
1116 4400 1232 4440 cancer
1254 4380 1424 4463 pestilera,
1450 4401 1514 4442 non
1539 4377 1643 4442 solum
1666 4375 1794 4439 Arabes
1815 4381 1882 4436 ets

173 4492 297 4579 Syrios,
319 4490 432 4555 hlcdes
455 4502 486 4553 et
507 4490 644 4571 Persas,
669 4490 823 4577 Egipcios
846 4503 876 4554 ct
897 4491 1065 4576 Ethiopes,
1089 4504 1120 4555 et
1141 4491 1297 4577 plurimos
1312 4494 1368 4569 ¹⁴³)
1391 4493 1563 4557 orientales
1586 4491 1724 4579 populos
1745 4488 1847 4553 letali-

171 4620 220 4672 ter
254 4608 427 4687 interl'ecit,
460 4607 517 4669 sed
548 4618 579 4669 et
606 4606 763 4670 Affrieam
798 4618 828 4671 et
864 4607 971 4693 plures
1003 4611 1153 4691 regiones
1183 4608 1401 4673 occidentales
1436 4630 1647 4695 corrumpens
1683 4629 1784 4690 vsquc
1813 4608 1847 4669 iu

172 4724 368 4810 Hispaniam
396 4723 552 4807 peruenit.
595 4724 662 4787 Nec
690 4734 781 4809 puto,
810 4724 897 4811 quod
925 4723 966 4787 ab
993 4726 1135 4788 infancia
1162 4727 1304 4811 primeue
1335 4726 1469 4790 ecclesie
1498 4738 1529 4789 et
1557 4727 1591 4788 in
1622 4732 1784 4787 senectam
1817 4726 1881 4786 et5

173 4843 297 4905 senium
323 4838 466 4903 ciusdem
493 4860 596 4924 vsque
625 4839 666 4902 ad
696 4852 844 4926 tempora
870 4839 926 4902 lilii
960 4840 1198 4924 predicacionis
1228 4843 1330 4906 rnaier
1352 4843 1457 4905 luerat
1479 4841 1529 4905 vel
1551 4842 1660 4904 lutura
1681 4841 1722 4902 sit
1745 4838 1845 4902 abho-

237 5046 307 5115 137)
330 5043 367 5101 Τ.
386 5042 534 5101 Toblerus
556 5043 585 5100 in
608 5043 697 5101 literis
713 5042 752 5099 ad
773 5062 820 5101 me
839 5042 913 5101 detis
929 5047 987 5100 leu-
1099 5048 1166 5117 140)
1191 5043 1289 5121 Vulgo
1312 5064 1411 5103 ereensa
1433 5045 1560 5100 Dorninr'.

174 5148 216 5202 eis
240 5142 400 5221 legendum
425 5162 490 5201 esse
512 5151 631 5213 censet,
659 5161 749 5220 quum
778 5142 805 5202 h.
828 5142 849 5201 l.
877 5140 989 5199 dicatur
1096 5148 1165 5215 141)
1188 5144 1277 5202 Liber
1294 5164 1346 5202 ms.
1368 5143 1472 5201 omittit
1493 5141 1596 5199 vocab.
1618 5143 1805 5217 indulgencia
1821 5149 1850 5199 et

174 5241 293 5320 Kirjath
315 5241 398 5300 Baal.
442 5238 503 5299 Sed
524 5241 548 5298 si
569 5259 671 5299 recens
689 5242 857 5298 Taleil-Fdl
877 5240 988 5312 dicitur,
1031 5241 1121 5300 habet
1143 5242 1378 5317 incllqnaeionem
1399 5260 1545 5317 nrapnam.
1577 5239 1724 5319 Equidem
1747 5260 1849 5299 econ-

173 5341 317 5421 quadrsnt
338 5340 459 5398 numeri.
1031 5341 1142 5399 iectura
1164 5340 1260 5398 locum
1281 5340 1431 5398 restituere
1454 5351 1575 5399 conatus
1597 5360 1670 5400 sum.

239 5442 309 5513 138)
331 5436 406 5496 Sunt
427 5438 495 5497 XL.
539 5435 585 5497 cf.
605 5437 700 5495 Ritter
720 5436 806 5497 XVI.
831 5446 899 5501 555.
1096 5442 1164 5511 142)
1185 5436 1275 5497 Liber
1293 5458 1347 5498 ms.
1369 5437 1471 5497 habet:
1496 5439 1643 5496 Doctrina
1665 5448 1694 5497 et
1709 5439 1771 5495 eius
1785 5458 1847 5496 ser-

239 5543 308 5611 139)
329 5536 375 5596 cf.
395 5537 435 5596 Μ.
458 5536 661 5596 Thietmarum
684 5557 711 5613 p.
728 5539 766 5595 23
789 5542 927 5597 1101271
950 5537 989 5595 ad
1026 5557 1112 5613 pens.
1156 5537 1267 5595 Locum
1290 5538 1457 5596 coniectura
1478 5556 1583 5595 senne
1605 5535 1778 5596 studuimus.

174 5636 260 5697 Vlll.
282 5642 329 5697 4-1.
1097 5638 1165 5705 143)
1188 5635 1276 5693 Liber
1298 5656 1352 5697 ms.
1375 5636 1463 5696 habet
1482 5636 1610 5712 persiae.
