4214 6096
1208 356 1244 414 11

546 539 695 597 monacho.
726 535 731 610 Ι
764 533 897 617 Aliquot
930 533 1106 617 insignium
1135 530 1294 615 laicorum
1327 545 1433 597 terrae
1468 543 1598 596 sanetae
1631 531 1806 617 explicatio
1840 542 1873 595 et
1900 529 2058 595 historiae

547 673 606 738 per
624 652 628 731 Ι
646 648 835 735 Philippum
856 647 1122 729 Melanlthonem.
1163 647 1383 733 Witebergae.
1424 646 1619 712 Excudebat
1639 646 1807 713 Johannes
1824 645 1923 711 Lufft.
1959 645 2056 710 Auno

547 765 792 832 MDLXXIX.

504 881 713 947 Burchardus
734 882 853 965 legitur
874 903 950 966 pag.
972 885 1144 949 sto-285.
1185 879 1349 967 Exempla
1370 879 1445 944 libri
1468 892 1541 944 sunt
1563 878 1705 943 Berolini
1727 889 1758 943 et
1779 842 1994 962 Hamburgir

386 1020 503 1093 1111110
530 1018 592 1090 XI
618 1037 705 1099 isar.
735 1034 938 1109 ostreaeque.
965 1035 993 1097 s.

550 1148 600 1211 W.
623 1147 734 1211 Koner
755 1144 795 1208 V.
816 1144 857 1208 D.
886 1166 947 1230 pro
978 1166 1016 1208 aa
1046 1167 1110 1231 qua
1137 1155 1185 1209 est
1207 1146 1405 1210 humanitate
1431 1167 1482 1209 me
1514 1147 1684 1208 certiorem
1714 1144 1808 1225 fecit,
1838 1142 2003 1206 asservari
2024 1142 2082 1212 in,

548 1262 752 1328 Bibliotheca
772 1260 875 1346 Regia
890 1260 1093 1325 Berolinensi
1114 1261 1286 1326 editionem
1307 1260 1383 1325 libri
1404 1260 1539 1325 Peuceri
1561 1259 1601 1324 de
1619 1259 1818 1324 dimensione
1836 1272 1953 1339 terrae,
1975 1279 2060 1344 quae

550 1378 671 1466 prodiit
692 1399 777 1443 anno
801 1382 890 1458 1587,
913 1385 945 1440 et
966 1378 999 1440 in
1022 1399 1061 1441 ea
1083 1399 1102 1441 a
1123 1398 1198 1463 pag.
1217 1376 1294 1441 inde
1316 1383 1377 1443 2111
1397 1378 1503 1441 inesse
1517 1374 1752 1440 Burchardum.
1795 1373 1891 1454 Quod
1904 1375 2061 1459 ignorant

550 1506 582 1559 ct
602 1494 831 1559 Beckmannus
854 1503 885 1556 et
907 1492 1020 1556 Victor
1043 1492 1197 1559 Clericus.
1237 1493 1298 1558 Est
1320 1494 1416 1556 etiam
1438 1491 1578 1557 Londini
1598 1495 1632 1555 iu
1653 1489 1848 1555 bibliotheca
1861 1489 1966 1554 Musei
1980 1489 2053 1553 Bri·

546 1610 679 1676 tannici.
722 1609 796 1672 Vid.
819 1608 912 1674 catal.
933 1609 1038 1674 Lond.
1063 1614 1141 1677 1817
1161 1608 1223 1674 vol.
1245 1609 1277 1673 V
1297 1608 1431 1695 plagula
1452 1608 1478 1672 Z
1502 1630 1577 1694 pag.
1600 1616 1629 1675 4.

383 1750 503 1824 Edtltb
527 1746 608 1819 XII
629 1763 715 1826 1587.
739 1761 945 1838 illapdeburpi.
977 1765 1006 1822 l.

548 1874 757 1942 Borchardus
777 1873 953 1937 monachus
976 1871 1168 1938 Germanus.
1209 1875 1396 1960 Descriptio
1424 1884 1530 1936 terrae
1559 1883 1690 1936 sauctae
1712 1882 1742 1936 et
1765 1872 1932 1957 regionum
1955 1872 2052 1936 finiti-

547 2015 683 2056 marum.
725 1990 805 2054 Item
826 1991 1026 2053 itinerarium
1048 1988 1379 2077 Hierosolymitanum
1400 1988 1641 2053 Bartholomaei
1664 1988 1703 2051 de
1726 1985 1921 2072 Salignisco.
1963 1986 2056 2073 Mag·

548 2108 693 2192 deburgi.
728 2109 864 2171 15811.

506 2243 601 2307 Hauc
631 2239 804 2305 editionem
832 2251 980 2302 asservat
1000 2238 1202 2303 Bibliotheca
1228 2240 1320 2323 regia
1341 2237 1571 2303 Berolinensis.
1616 2236 1708 2316 Quae
1734 2246 1948 2322 componatur
1977 2234 2052 2300 licet

385 2383 456 2424 cum
479 2358 563 2422 libro
584 2354 770 2440 Hamburgi
792 2364 958 2417 asservato
980 2357 1154 2441 inscripto:

510 2490 718 2554 ltinerarium
741 2509 854 2551 sacrae
878 2488 1068 2573 scripturae,
1090 2485 1151 2551 hoc
1173 2496 1222 2550 est
1243 2497 1374 2550 sanctae
1396 2498 1502 2550 terrae
1524 2486 1755 2572 regionumque
1777 2484 1987 2548 finitimarum
2003 2483 2056 2548 de-

384 2608 530 2693 scriptio,
553 2605 769 2692 complectcus
793 2604 969 2667 secundum
991 2603 1103 2667 literas
1126 2623 1198 2665 cum
1221 2614 1382 2666 recentem
1404 2601 1736 2688 Hierosolymitauam
1762 2600 1921 2665 derebus
1944 2599 2059 2664 Sarra-

385 2723 518 2804 cenicis,
548 2721 698 2788 Turcicis
725 2719 976 2799 etTarta1·icis,
1009 2731 1075 2782 tum
1103 2716 1260 2802 reliquam
1291 2717 1482 2782 orientalem
1503 2719 1685 2800 historiam,
1718 2719 1752 2782 iu
1774 2716 1952 2782 Germania
1974 2739 2060 2780 nrrnc

385 2841 524 2926 primum
554 2840 587 2902 in
615 2837 719 2902 lucem
750 2835 836 2900 edita
866 2837 885 2899 11
918 2832 1165 2898 Bartholomaeo
1193 2832 1233 2897 dc
1261 2833 1463 2918 Saligniaco,
1492 2834 1611 2920 Equite
1637 2845 1668 2898 et
1692 2833 1924 2899 Iurisconsulto
1954 2832 2062 2899 Gallo.

384 2954 617 3040 hlagdcburgi,
644 2951 827 3017 excudebat
848 2950 968 3015 Paulus
990 2949 1154 3045 Donatus,
1184 2952 1338 3037 impensis
1361 2948 1525 3035 Ambrosij
1548 2949 1714 3032 Kircheri,
1743 2973 1827 3015 anno
1848 2948 2061 3015 MDXCHI.

385 3071 467 3136 Cum
489 3072 595 3155 gratia
616 3079 647 3132 et
670 3067 841 3154 privilegio
864 3078 895 3129 ct
916 3088 946 3151 q.
970 3089 995 3128 s.

507 3201 604 3264 Hauc
624 3200 870 3285 inscriptionem
892 3198 1015 3283 excipit
1037 3197 1195 3283 praefatio
1218 3200 1264 3262 sic
1287 3200 1464 3285 iuscripta:

509 3332 662 3417 Equestri
684 3342 715 3394 et
732 3341 858 3394 vetusto
879 3332 1007 3415 generis
1029 3328 1210 3415 splendore,
1235 3330 1383 3395 doctriua
1404 3342 1435 3395 et
1456 3332 1574 3395 virtute
1595 3331 1795 3397 nobilissimo
1818 3335 1898 3415 viro,
1930 3332 2059 3398 domino

385 3447 549 3512 Inachimo
577 3446 619 3511 ab
639 3445 875 3527 Aluensleben,
908 3443 1037 3510 domiuo
1060 3444 1209 3511 Erxlehii
1231 3457 1304 3527 etc,
1331 3458 1468 3533 patrono
1490 3449 1754 3533 exoptatissimo,
1782 3448 1815 3513 S.
1838 3449 1881 3512 D.
1901 3448 2060 3514 Reinerus

385 3560 576 3629 Reineeciu's
591 3563 815 3628 Steinlremius.
858 3562 951 3641 Quae
972 3561 1131 3648 praefatio
1153 3584 1249 3646 quum
1272 3562 1349 3627 data
1366 3565 1406 3627 sit
1426 3588 1509 3629 antro
1525 3564 1802 3646 t1.D.Lxxxvl,
1825 3567 1969 3648 sequitur
1987 3587 2061 3629 eam

387 3682 551 3768 pertinere
571 3678 614 3743 ad
635 3679 809 3744 editionem
832 3679 907 3741 anui
935 3684 1019 3746 1587.

510 3812 629 3896 Incipit
657 3811 807 3875 volumen
835 3809 958 3875 alibro
980 3809 1177 3891 Burchardi,
1205 3812 1295 3875 cuius
1317 3813 1349 3875 in
1371 3813 1434 3876 tine
1457 3813 1537 3877 haec
1567 3823 1614 3876 est
1636 3812 1849 3897 subscriptio:
1877 3811 1978 3877 Liber
2005 3811 2060 3876 de·

387 3929 572 4013 scriptionis
604 3937 711 3991 terrae
744 3938 875 3992 sanctae
903 3927 1071 4013 eidemque
1098 3927 1314 3991 adiacentium
1346 3931 1530 4012 regionum,
1563 3929 1669 3992 editus
1701 3928 1743 3993 ab
1776 3926 1998 3992 eruditissimo
2031 3942 2062 3991 et

387 4043 596 4108 deuotissimo
627 4053 719 4127 patre
748 4043 872 4107 ordinis
896 4043 1172 4128 praedicatormn,
1200 4044 1388 4108 Professore
1410 4044 1600 4109 Barchardo
1622 4044 1798 4125 Alemano,
1820 4043 1965 4129 explicit
2006 4042 2063 4108 Se-

388 4162 496 4246 quitur
518 4157 635 4222 deinde
657 4182 741 4223 nova
765 4161 950 4244 inscriptio:
978 4159 1183 4224 ltinerarium
1204 4159 1365 4225 Hierosol.
1387 4159 1629 4225 Bartlrolomaei
1652 4159 1692 4224 de
1713 4158 1914 4245 Saliguiaco,
1939 4161 2061 4246 equitis

386 4288 418 4341 et
450 4273 658 4340 iureconsulti
689 4273 792 4354 Galli,
828 4277 1008 4360 praemissa
1042 4276 1185 4341 eiusdem
1213 4279 1359 4342 oratione
1392 4277 1432 4340 de
1459 4275 1610 4340 laudibus
1639 4287 1746 4341 terrae
1773 4288 1915 4340 sanctae.
1963 4275 2059 4340 Anno

387 4391 682 4457 MDLXXXVII.

511 4524 635 4590 Eodem
666 4545 729 4608 quo
760 4545 819 4586 uos
840 4522 916 4586 libri
942 4523 1091 4609 exemplo
1110 4524 1341 4609 hamburgensi
1372 4548 1448 4589 usus
1470 4538 1534 4607 est,
1564 4528 1628 4590 uisi
1648 4524 1757 4606 tallor,
1787 4524 1977 4604 Fabricius,
2008 4527 2062 4611 qui

386 4641 469 4706 Bibl.
491 4641 546 4704 lut.
568 4640 651 4704 med.
676 4652 707 4703 et
727 4640 783 4702 ins.
803 4639 877 4702 Lat.
900 4662 929 4724 p.
945 4646 1019 4705 775:
1042 4640 1106 4704 sed
1129 4643 1321 4717 accinctius,
1345 4643 1463 4725 iuquit,
1485 4644 1706 4728 intcgriusque
1723 4640 1970 4720 (Burcbarclnm)
1994 4640 2063 4704 rul-

387 4759 478 4840 gavit
497 4757 689 4821 Reincccius
713 4778 785 4819 cum
808 4757 975 4819 itinerario
998 4756 1155 4821 Hierosol.
1176 4758 1417 4822 Bartholomaei
1440 4758 1480 4822 de
1503 4759 1696 4842 Saligniaco.
1728 4758 1945 4842 hlagdchurgi
1973 4764 2060 4826 1587.

391 4878 543 4938 1511111.
582 4874 620 4936 ln
641 4895 702 4958 quo
724 4871 843 4937 iudicio
864 4885 953 4936 errat
973 4873 1154 4939 Fabricius.

389 5005 508 5077 Erlrlr'u
536 5008 636 5080 ,l'lll
664 5029 748 5087 15113,
777 5026 982 5101 111119111111191,
1012 5030 1040 5088 1.

553 5140 657 5203 Huius
685 5137 833 5202 editionis
857 5139 1024 5222 inscriptio
1047 5148 1133 5201 certe
1153 5137 1337 5222 Hamburgi
1360 5149 1561 5217 asservatur,
1592 5160 1747 5224 eamque,
1778 5152 1812 5201 ut
1836 5149 1924 5223 patet
1946 5160 1987 5201 ex
2011 5139 2061 5217 iis,

554 5276 635 5338 quae
658 5255 700 5319 ad
721 5254 891 5318 editionem
907 5253 972 5317 Xll
992 5255 1228 5334 annotavimus,
1250 5253 1292 5316 ab
1314 5252 1453 5316 cditiouc
1466 5252 1532 5316 ΧΠ
1552 5254 1762 5338 inscriptione
1783 5256 1907 5316 tautum
1929 5254 2059 5318 differre

555 5373 767 5453 suspicamur,
790 5369 903 5434 eadem
925 5380 1032 5434 textus
1053 5370 1240 5434 recensione
1262 5368 1322 5448 bis,
1348 5368 1405 5432 scd
1428 5368 1694 5454 inscriptionibus
1717 5370 1816 5432 variis
1840 5370 1936 5435 edita.

514 5500 664 5564 Ceterum
683 5502 845 5566 Reincccii
874 5502 972 5566 editio
996 5504 1130 5565 minoris
1152 5502 1249 5565 etiam
1272 5503 1368 5587 pretii
1391 5513 1440 5565 est
1460 5525 1558 5586 quam
1581 5501 1720 5580 Veneta,
1754 5501 1844 5565 cuius
1867 5502 1973 5567 indice
1996 5506 2060 5589 pri·

389 5629 465 5679 vata
488 5627 545 5695 est,
568 5637 669 5701 neque
692 5630 761 5679 crat
783 5618 869 5703 quod
889 5618 1040 5682 laudibus
1064 5617 1231 5682 efferretur
1252 5641 1272 5682 a
1294 5618 1446 5684 Fabricio
1469 5630 1499 5683 et
1521 5618 1738 5682 Bcckruauuo.
