<?xml version="1.0" encoding="UTF-8"?>
<!DOCTYPE html PUBLIC "-//W3C//DTD XHTML 1.0 Transitional//EN"
    "http://www.w3.org/TR/xhtml1/DTD/xhtml1-transitional.dtd">
<html xmlns="http://www.w3.org/1999/xhtml" xml:lang="en" lang="en">
 <head>
  <title>
</title>
<meta http-equiv="Content-Type" content="text/html;charset=utf-8" />
  <meta name='ocr-system' content='tesseract 3.04.00' />
  <meta name='ocr-capabilities' content='ocr_page ocr_carea ocr_par ocr_line ocrx_word'/>
</head>
<body>
  <div class='ocr_page' id='page_1' title='image "./peregrinatoresm00peregoog_0217.png"; bbox 0 0 4214 6096; ppageno 0'>
   <div class='ocr_carea' id='block_1_1' title="bbox 735 2183 1207 2305">
    <p class='ocr_par' dir='ltr' id='par_1_1' title="bbox 735 2159 1228 2305">
     <span class='ocr_line' id='line_1_1' title="bbox 735 2183 1207 2305; baseline -0.012 0"><span class='ocrx_word' id='word_1_1' title='bbox 735 2183 1207 2305; x_wconf 68' lang='lat' dir='ltr'>hecturts</span> 
     </span>
    </p>
   </div>
   <div class='ocr_carea' id='block_1_2' title="bbox 951 2532 990 2625">
    <p class='ocr_par' dir='ltr' id='par_1_2' title="bbox 951 2532 990 2625">
     <span class='ocr_line' id='line_1_2' title="bbox 951 2532 990 2625; baseline -0.026 0"><span class='ocrx_word' id='word_1_2' title='bbox 951 2532 990 2625; x_wconf 89' lang='lat' dir='ltr'>S.</span> 
     </span>
    </p>
   </div>
   <div class='ocr_carea' id='block_1_3' title="bbox 191 2763 1816 3500">
    <p class='ocr_par' dir='ltr' id='par_1_3' title="bbox 191 2763 1816 3500">
     <span class='ocr_line' id='line_1_3' title="bbox 269 2763 1816 2898; baseline -0.003 -22"><span class='ocrx_word' id='word_1_3' title='bbox 269 2883 273 2890; x_wconf 57' lang='grc'>,</span> <span class='ocrx_word' id='word_1_4' title='bbox 333 2763 519 2890; x_wconf 56' lang='lat' dir='ltr'>Quattuor</span> <span class='ocrx_word' id='word_1_5' title='bbox 545 2801 693 2896; x_wconf 91' lang='lat' dir='ltr'>amplius</span> <span class='ocrx_word' id='word_1_6' title='bbox 718 2799 797 2875; x_wconf 94' lang='lat' dir='ltr'>anni</span> <span class='ocrx_word' id='word_1_7' title='bbox 822 2809 913 2897; x_wconf 74' lang='lat' dir='ltr'>sunt,</span> <span class='ocrx_word' id='word_1_8' title='bbox 940 2823 984 2876; x_wconf 87' lang='lat' dir='ltr'>ex</span> <span class='ocrx_word' id='word_1_9' title='bbox 1010 2823 1078 2898; x_wconf 88' lang='lat' dir='ltr'>quo</span> <span class='ocrx_word' id='word_1_10' title='bbox 1105 2799 1277 2876; x_wconf 85' lang='lat' dir='ltr'>Fridericc</span> <span class='ocrx_word' id='word_1_11' title='bbox 1299 2805 1423 2875; x_wconf 88' lang='lat' dir='ltr'>Carolo</span> <span class='ocrx_word' id='word_1_12' title='bbox 1442 2801 1572 2875; x_wconf 86' lang='lat' dir='ltr'>Krattio</span> <span class='ocrx_word' id='word_1_13' title='bbox 1596 2804 1631 2872; x_wconf 89' lang='lat' dir='ltr'>V.</span> <span class='ocrx_word' id='word_1_14' title='bbox 1648 2801 1682 2874; x_wconf 88' lang='lat' dir='ltr'>S.</span> <span class='ocrx_word' id='word_1_15' title='bbox 1696 2803 1744 2896; x_wconf 75' lang='lat' dir='ltr'>V⁸⁷</span> <span class='ocrx_word' id='word_1_16' title='bbox 1813 2796 1816 2801; x_wconf 81' lang='grc'><strong>’</strong></span> 
     </span>
     <span class='ocr_line' id='line_1_4' title="bbox 191 3000 1746 3105; baseline 0 -29"><span class='ocrx_word' id='word_1_17' title='bbox 191 3002 327 3078; x_wconf 92' lang='lat' dir='ltr'>loanuei</span> <span class='ocrx_word' id='word_1_18' title='bbox 364 3002 634 3105; x_wconf 81' lang='lat' dir='ltr'>Hamburgensis</span> <span class='ocrx_word' id='word_1_19' title='bbox 668 3001 849 3098; x_wconf 66' lang='lat' dir='ltr'>ltireotcri.</span> <span class='ocrx_word' id='word_1_20' title='bbox 893 3007 982 3076; x_wconf 88' lang='lat' dir='ltr'>laeta</span> <span class='ocrx_word' id='word_1_21' title='bbox 1021 3001 1171 3077; x_wconf 89' lang='lat' dir='ltr'>muneris</span> <span class='ocrx_word' id='word_1_22' title='bbox 1203 3000 1318 3104; x_wconf 82' lang='lat' dir='ltr'>viginti</span> <span class='ocrx_word' id='word_1_23' title='bbox 1356 3001 1505 3097; x_wconf 81' lang='lat' dir='ltr'>quinque</span> <span class='ocrx_word' id='word_1_24' title='bbox 1540 3026 1602 3097; x_wconf 92' lang='lat' dir='ltr'>per</span> <span class='ocrx_word' id='word_1_25' title='bbox 1637 3024 1746 3076; x_wconf 90' lang='lat' dir='ltr'>annos</span> 
     </span>
     <span class='ocr_line' id='line_1_5' title="bbox 191 3165 1747 3306; baseline -0.001 -30"><span class='ocrx_word' id='word_1_26' title='bbox 191 3201 334 3279; x_wconf 78' lang='lat' dir='ltr'><strong>feliciter</strong></span> <span class='ocrx_word' id='word_1_27' title='bbox 367 3165 592 3279; x_wconf 88' lang='lat' dir='ltr'>administrati</span> <span class='ocrx_word' id='word_1_28' title='bbox 628 3202 797 3278; x_wconf 89' lang='lat' dir='ltr'>solemnia</span> <span class='ocrx_word' id='word_1_29' title='bbox 835 3202 1077 3306; x_wconf 79' lang='lat' dir='ltr'>gratulabundi</span> <span class='ocrx_word' id='word_1_30' title='bbox 1106 3201 1301 3277; x_wconf 89' lang='lat' dir='ltr'>obtulimus</span> <span class='ocrx_word' id='word_1_31' title='bbox 1332 3211 1464 3298; x_wconf 90' lang='lat' dir='ltr'>partem</span> <span class='ocrx_word' id='word_1_32' title='bbox 1500 3202 1600 3277; x_wconf 85' lang='lat' dir='ltr'>libelli</span> <span class='ocrx_word' id='word_1_33' title='bbox 1637 3202 1747 3277; x_wconf 83' lang='lat' dir='ltr'>llriet-</span> 
     </span>
     <span class='ocr_line' id='line_1_6' title="bbox 192 3360 1747 3500; baseline 0 -22"><span class='ocrx_word' id='word_1_34' title='bbox 192 3405 277 3478; x_wconf 91' lang='lat' dir='ltr'>mari</span> <span class='ocrx_word' id='word_1_35' title='bbox 310 3404 446 3479; x_wconf 90' lang='lat' dir='ltr'>nomine</span> <span class='ocrx_word' id='word_1_36' title='bbox 479 3405 640 3499; x_wconf 87' lang='lat' dir='ltr'>inscripti.</span> <span class='ocrx_word' id='word_1_37' title='bbox 693 3409 761 3479; x_wconf 89' lang='lat' dir='ltr'>lam</span> <span class='ocrx_word' id='word_1_38' title='bbox 797 3405 885 3479; x_wconf 85' lang='lat' dir='ltr'>idem</span> <span class='ocrx_word' id='word_1_39' title='bbox 919 3410 1138 3499; x_wconf 72' lang='lat' dir='ltr'>opusculum,</span> <span class='ocrx_word' id='word_1_40' title='bbox 1172 3409 1232 3480; x_wconf 89' lang='lat' dir='ltr'>scd</span> <span class='ocrx_word' id='word_1_41' title='bbox 1265 3374 1374 3480; x_wconf 78' lang='lat' dir='ltr'>altera</span> <span class='ocrx_word' id='word_1_42' title='bbox 1410 3412 1509 3500; x_wconf 90' lang='lat' dir='ltr'>parte</span> <span class='ocrx_word' id='word_1_43' title='bbox 1542 3360 1679 3480; x_wconf 80' lang='lat' dir='ltr'>auctum</span> <span class='ocrx_word' id='word_1_44' title='bbox 1713 3413 1747 3479; x_wconf 87' lang='lat' dir='ltr'>el</span> 
     </span>
    </p>
   </div>
   <div class='ocr_carea' id='block_1_4' title="bbox 193 3576 1761 3703">
    <p class='ocr_par' dir='ltr' id='par_1_4' title="bbox 193 3576 1761 3703">
     <span class='ocr_line' id='line_1_7' title="bbox 193 3576 1761 3703; baseline 0 -23"><span class='ocrx_word' id='word_1_45' title='bbox 193 3604 321 3681; x_wconf 79' lang='lat' dir='ltr'>iteratis</span> <span class='ocrx_word' id='word_1_46' title='bbox 355 3606 447 3680; x_wconf 90' lang='lat' dir='ltr'>ouris</span> <span class='ocrx_word' id='word_1_47' title='bbox 479 3615 727 3701; x_wconf 86' lang='lat' dir='ltr'>pertractatum</span> <span class='ocrx_word' id='word_1_48' title='bbox 761 3577 898 3702; x_wconf 87' lang='lat' dir='ltr'>publice</span> <span class='ocrx_word' id='word_1_49' title='bbox 923 3606 1095 3682; x_wconf 88' lang='lat' dir='ltr'>scribendi</span> <span class='ocrx_word' id='word_1_50' title='bbox 1117 3605 1371 3702; x_wconf 83' lang='lat' dir='ltr'>opportunitate</span> <span class='ocrx_word' id='word_1_51' title='bbox 1395 3610 1513 3681; x_wconf 88' lang='lat' dir='ltr'>oblata</span> <span class='ocrx_word' id='word_1_52' title='bbox 1537 3607 1627 3703; x_wconf 87' lang='lat' dir='ltr'>lypis</span> <span class='ocrx_word' id='word_1_53' title='bbox 1654 3576 1761 3701; x_wconf 60' lang='lat' dir='ltr'>repe&#39;</span> 
     </span>
    </p>
   </div>
   <div class='ocr_carea' id='block_1_5' title="bbox 191 3806 1743 3917">
    <p class='ocr_par' dir='ltr' id='par_1_5' title="bbox 191 3806 1743 3917">
     <span class='ocr_line' id='line_1_8' title="bbox 191 3806 1743 3917; baseline -0.001 -36"><span class='ocrx_word' id='word_1_54' title='bbox 191 3811 330 3917; x_wconf 79' lang='lat' dir='ltr'>tondum</span> <span class='ocrx_word' id='word_1_55' title='bbox 364 3808 567 3883; x_wconf 86' lang='lat' dir='ltr'>curavimus.</span> <span class='ocrx_word' id='word_1_56' title='bbox 618 3812 689 3883; x_wconf 89' lang='lat' dir='ltr'>Nec</span> <span class='ocrx_word' id='word_1_57' title='bbox 721 3830 899 3903; x_wconf 68' lang='lat' dir='ltr'>veremur,</span> <span class='ocrx_word' id='word_1_58' title='bbox 931 3831 976 3882; x_wconf 91' lang='lat' dir='ltr'>ne</span> <span class='ocrx_word' id='word_1_59' title='bbox 1009 3831 1072 3882; x_wconf 91' lang='lat' dir='ltr'>nos</span> <span class='ocrx_word' id='word_1_60' title='bbox 1105 3817 1183 3883; x_wconf 88' lang='lat' dir='ltr'>acta</span> <span class='ocrx_word' id='word_1_61' title='bbox 1217 3807 1332 3910; x_wconf 81' lang='lat' dir='ltr'>egisse</span> <span class='ocrx_word' id='word_1_62' title='bbox 1364 3807 1520 3882; x_wconf 76' lang='lat' dir='ltr'>incusant</span> <span class='ocrx_word' id='word_1_63' title='bbox 1545 3806 1743 3882; x_wconf 71' lang='lat' dir='ltr'>Aristarchi.</span> 
     </span>
    </p>
   </div>
   <div class='ocr_carea' id='block_1_6' title="bbox 191 4008 1751 4918">
    <p class='ocr_par' dir='ltr' id='par_1_6' title="bbox 191 4008 1751 4918">
     <span class='ocr_line' id='line_1_9' title="bbox 191 4008 1747 4106; baseline 0.003 -25"><span class='ocrx_word' id='word_1_64' title='bbox 191 4009 350 4083; x_wconf 88' lang='lat' dir='ltr'>Pluribus</span> <span class='ocrx_word' id='word_1_65' title='bbox 386 4010 475 4085; x_wconf 92' lang='lat' dir='ltr'>enim</span> <span class='ocrx_word' id='word_1_66' title='bbox 514 4034 620 4106; x_wconf 79' lang='lat' dir='ltr'>nuno,</span> <span class='ocrx_word' id='word_1_67' title='bbox 659 4032 763 4106; x_wconf 87' lang='lat' dir='ltr'>quam</span> <span class='ocrx_word' id='word_1_68' title='bbox 796 4018 916 4105; x_wconf 76' lang='lat' dir='ltr'>antea,</span> <span class='ocrx_word' id='word_1_69' title='bbox 956 4008 1132 4084; x_wconf 76' lang='lat' dir='ltr'>codicibus</span> <span class='ocrx_word' id='word_1_70' title='bbox 1169 4010 1220 4082; x_wconf 88' lang='lat' dir='ltr'>usi</span> <span class='ocrx_word' id='word_1_71' title='bbox 1259 4010 1380 4083; x_wconf 80' lang='lat' dir='ltr'>tiorum</span> <span class='ocrx_word' id='word_1_72' title='bbox 1416 4014 1460 4083; x_wconf 91' lang='lat' dir='ltr'>ad</span> <span class='ocrx_word' id='word_1_73' title='bbox 1494 4009 1747 4105; x_wconf 85' lang='lat' dir='ltr'>inscriptionem</span> 
     </span>
     <span class='ocr_line' id='line_1_10' title="bbox 191 4210 1748 4319; baseline 0.003 -38"><span class='ocrx_word' id='word_1_74' title='bbox 191 4232 300 4306; x_wconf 81' lang='lat' dir='ltr'>usque</span> <span class='ocrx_word' id='word_1_75' title='bbox 325 4211 584 4286; x_wconf 86' lang='lat' dir='ltr'>immutavimus.</span> <span class='ocrx_word' id='word_1_76' title='bbox 637 4216 734 4300; x_wconf 85' lang='lat' dir='ltr'>Quae</span> <span class='ocrx_word' id='word_1_77' title='bbox 760 4210 896 4307; x_wconf 88' lang='lat' dir='ltr'>quidem</span> <span class='ocrx_word' id='word_1_78' title='bbox 924 4211 1036 4308; x_wconf 89' lang='lat' dir='ltr'>qualis</span> <span class='ocrx_word' id='word_1_79' title='bbox 1062 4234 1144 4285; x_wconf 87' lang='lat' dir='ltr'>vere</span> <span class='ocrx_word' id='word_1_80' title='bbox 1171 4211 1277 4319; x_wconf 69' lang='lat' dir='ltr'>luerit,</span> <span class='ocrx_word' id='word_1_81' title='bbox 1309 4211 1513 4306; x_wconf 88' lang='lat' dir='ltr'>optimorum</span> <span class='ocrx_word' id='word_1_82' title='bbox 1540 4234 1632 4287; x_wconf 93' lang='lat' dir='ltr'>nunc</span> <span class='ocrx_word' id='word_1_83' title='bbox 1658 4212 1748 4286; x_wconf 92' lang='lat' dir='ltr'>codi-</span> 
     </span>
     <span class='ocr_line' id='line_1_11' title="bbox 192 4411 1749 4509; baseline -0.001 -24"><span class='ocrx_word' id='word_1_84' title='bbox 192 4435 272 4485; x_wconf 91' lang='lat' dir='ltr'>cum</span> <span class='ocrx_word' id='word_1_85' title='bbox 299 4435 471 4486; x_wconf 91' lang='lat' dir='ltr'>consensu</span> <span class='ocrx_word' id='word_1_86' title='bbox 497 4413 609 4488; x_wconf 90' lang='lat' dir='ltr'>edocti</span> <span class='ocrx_word' id='word_1_87' title='bbox 635 4436 763 4489; x_wconf 90' lang='lat' dir='ltr'>sumus.</span> <span class='ocrx_word' id='word_1_88' title='bbox 815 4416 850 4487; x_wconf 94' lang='lat' dir='ltr'>ln</span> <span class='ocrx_word' id='word_1_89' title='bbox 877 4414 945 4486; x_wconf 89' lang='lat' dir='ltr'>line</span> <span class='ocrx_word' id='word_1_90' title='bbox 971 4413 1127 4508; x_wconf 79' lang='lat' dir='ltr'>opusculi</span> <span class='ocrx_word' id='word_1_91' title='bbox 1159 4417 1201 4487; x_wconf 87' lang='lat' dir='ltr'>de</span> <span class='ocrx_word' id='word_1_92' title='bbox 1228 4421 1399 4509; x_wconf 89' lang='lat' dir='ltr'>apparatu</span> <span class='ocrx_word' id='word_1_93' title='bbox 1425 4422 1543 4489; x_wconf 86' lang='lat' dir='ltr'>nostro</span> <span class='ocrx_word' id='word_1_94' title='bbox 1570 4411 1688 4488; x_wconf 90' lang='lat' dir='ltr'>critico</span> <span class='ocrx_word' id='word_1_95' title='bbox 1715 4420 1749 4484; x_wconf 88' lang='lat' dir='ltr'>et</span> 
     </span>
     <span class='ocr_line' id='line_1_12' title="bbox 191 4613 1749 4711; baseline 0.001 -26"><span class='ocrx_word' id='word_1_96' title='bbox 191 4617 235 4686; x_wconf 89' lang='lat' dir='ltr'>do</span> <span class='ocrx_word' id='word_1_97' title='bbox 267 4613 460 4707; x_wconf 84' lang='lat' dir='ltr'>scripturae</span> <span class='ocrx_word' id='word_1_98' title='bbox 486 4613 717 4709; x_wconf 88' lang='lat' dir='ltr'>discrepantia</span> <span class='ocrx_word' id='word_1_99' title='bbox 745 4613 973 4710; x_wconf 83' lang='lat' dir='ltr'>exposuimus.</span> <span class='ocrx_word' id='word_1_100' title='bbox 1024 4618 1142 4711; x_wconf 86' lang='lat' dir='ltr'>Neque</span> <span class='ocrx_word' id='word_1_101' title='bbox 1177 4618 1245 4688; x_wconf 83' lang='lat' dir='ltr'>lroc</span> <span class='ocrx_word' id='word_1_102' title='bbox 1277 4618 1354 4689; x_wconf 88' lang='lat' dir='ltr'>loco</span> <span class='ocrx_word' id='word_1_103' title='bbox 1380 4613 1514 4689; x_wconf 84' lang='lat' dir='ltr'>silentio</span> <span class='ocrx_word' id='word_1_104' title='bbox 1539 4613 1749 4707; x_wconf 91' lang='lat' dir='ltr'>praetermit-</span> 
     </span>
     <span class='ocr_line' id='line_1_13' title="bbox 197 4813 1751 4918; baseline 0.001 -31"><span class='ocrx_word' id='word_1_105' title='bbox 197 4817 335 4887; x_wconf 92' lang='lat' dir='ltr'>tendum</span> <span class='ocrx_word' id='word_1_106' title='bbox 363 4813 504 4910; x_wconf 79' lang='lat' dir='ltr'>videtur,</span> <span class='ocrx_word' id='word_1_107' title='bbox 531 4838 594 4889; x_wconf 92' lang='lat' dir='ltr'>nos</span> <span class='ocrx_word' id='word_1_108' title='bbox 616 4827 713 4891; x_wconf 89' lang='lat' dir='ltr'>recte</span> <span class='ocrx_word' id='word_1_109' title='bbox 736 4816 908 4892; x_wconf 89' lang='lat' dir='ltr'>scribendi</span> <span class='ocrx_word' id='word_1_110' title='bbox 929 4816 1050 4891; x_wconf 90' lang='lat' dir='ltr'>rationi</span> <span class='ocrx_word' id='word_1_111' title='bbox 1075 4840 1222 4907; x_wconf 68' lang='lat' dir='ltr'>omnem.</span> <span class='ocrx_word' id='word_1_112' title='bbox 1248 4838 1338 4911; x_wconf 89' lang='lat' dir='ltr'>quae</span> <span class='ocrx_word' id='word_1_113' title='bbox 1361 4815 1573 4918; x_wconf 79' lang='lat' dir='ltr'>philologum</span> <span class='ocrx_word' id='word_1_114' title='bbox 1594 4818 1751 4913; x_wconf 87' lang='lat' dir='ltr'>decebat,</span> 
     </span>
    </p>
   </div>
   <div class='ocr_carea' id='block_1_7' title="bbox 102 4998 1750 5119">
    <p class='ocr_par' dir='ltr' id='par_1_7' title="bbox 102 4998 1750 5119">
     <span class='ocr_line' id='line_1_14' title="bbox 102 4998 1750 5119; baseline 0.001 -29"><span class='ocrx_word' id='word_1_115' title='bbox 102 4998 105 5003; x_wconf 31' lang='lat'><strong><em>³</em></strong></span> <span class='ocrx_word' id='word_1_116' title='bbox 192 5039 311 5090; x_wconf 89' lang='lat' dir='ltr'>curam</span> <span class='ocrx_word' id='word_1_117' title='bbox 337 5015 553 5112; x_wconf 88' lang='lat' dir='ltr'>impendisse.</span> <span class='ocrx_word' id='word_1_118' title='bbox 598 5018 835 5115; x_wconf 62' lang='lat' dir='ltr'>corruptiores</span> <span class='ocrx_word' id='word_1_119' title='bbox 862 5017 964 5119; x_wconf 82' lang='lat' dir='ltr'>igitur</span> <span class='ocrx_word' id='word_1_120' title='bbox 992 5022 1175 5092; x_wconf 88' lang='lat' dir='ltr'>verborum</span> <span class='ocrx_word' id='word_1_121' title='bbox 1202 5018 1344 5115; x_wconf 78' lang='lat' dir='ltr'>lormae,</span> <span class='ocrx_word' id='word_1_122' title='bbox 1371 5022 1493 5114; x_wconf 87' lang='lat' dir='ltr'>quales</span> <span class='ocrx_word' id='word_1_123' title='bbox 1518 5025 1596 5090; x_wconf 89' lang='lat' dir='ltr'>sunt</span> <span class='ocrx_word' id='word_1_124' title='bbox 1619 5027 1750 5116; x_wconf 79' lang='lat' dir='ltr'>gructa,</span> 
     </span>
    </p>
   </div>
   <div class='ocr_carea' id='block_1_8' title="bbox 0 0 2119 6096">
    <p class='ocr_par' dir='ltr' id='par_1_8' title="bbox 0 0 2119 6096">
     <span class='ocr_line' id='line_1_15' title="bbox 0 0 2119 6096; baseline 0 0"><span class='ocrx_word' id='word_1_125' title='bbox 0 0 2119 6096; x_wconf 95' lang='lat' dir='ltr'> </span> 
     </span>
    </p>
   </div>
  </div>
 </body>
</html>
