4214 6096
986 359 1041 419 lll

185 552 244 616 per
264 531 330 595 tria
350 531 500 613 miliaria,
522 535 703 599 inuenimus
727 537 833 622 primo
853 534 973 615 locum,
996 533 1052 598 vbi
1073 532 1245 597 Elisabeth
1267 535 1408 598 occurrit
1429 531 1551 613 Maric,
1573 542 1605 597 et
1628 532 1787 597 exultauit
1807 535 1853 598 in·

182 646 255 711 lans
282 648 317 711 in
344 657 435 711 vtero
462 650 537 712 eius.
587 651 706 715 Postea
732 652 912 716 inuenimus
938 648 1043 714 locum
1066 648 1225 713 Zacharia
1232 698 1241 731 ,
1271 657 1303 713 et
1331 648 1378 713 ihi
1405 670 1507 735 prope
1535 647 1577 711 ad
1604 650 1740 713 terciam
1759 651 1854 714 vnius
1874 666 1904 716 11

181 761 319 826 miliaria
340 761 469 827 domum
487 763 668 829 Elizaheth.
712 767 756 831 Et
776 768 810 831 in
831 766 937 830 medio
961 767 1060 830 currit
1080 764 1203 828 riuulus
1225 788 1245 829 a
1265 766 1353 830 fonte
1373 763 1607 850 pulcherrimo,
1630 764 1685 829 vbi
1707 765 1853 853 frequen·
1874 783 1905 832 15

181 888 231 942 ter
260 877 470 963 quiescebant
498 891 529 944 et
552 880 817 968 colloquebantur
839 881 1011 945 Elisabeth
1039 891 1070 944 et
1090 879 1198 944 Illaria
1226 892 1431 967 pregnantes.
1473 879 1524 944 Ibi
1546 881 1648 943 eciam
1673 881 1853 945 iuuenimus
1876 896 1906 946 16

182 992 340 1069 11111131)
362 993 448 1058 beati
469 995 623 1060 Iohannis
645 995 796 1083 baptiste.

306 1125 386 1189 Inde
408 1126 577 1191 redeuntes
600 1151 713 1193 versus
733 1128 931 1193 lherusalem
952 1130 1132 1193 iuuenimus
1154 1129 1277 1209 locum,
1313 1127 1369 1192 vbi
1398 1130 1458 1192 fuit
1481 1129 1584 1191 incisa
1606 1126 1703 1191 arbor
1725 1149 1853 1213 magna,
1876 1143 1905 1191 17

184 1262 225 1303 ex
247 1263 312 1327 qua
333 1242 454 1305 factum
475 1253 523 1305 est
542 1241 665 1327 lignum
689 1245 802 1307 crucis.

305 1372 386 1436 Inde
409 1384 519 1437 euntes
540 1374 736 1440 iherusalem
761 1377 941 1461 perviam,
963 1376 1048 1440 vnde
1071 1376 1287 1440 descendebat
1310 1377 1474 1440 cunuchus
1494 1374 1714 1449 Candaeesffi)
1735 1376 1855 1460 regine,
1875 1388 1905 1438 18

182 1506 277 1570 quem
298 1486 480 1574 baptizauit
500 1490 682 1576 Philippus,
705 1492 884 1555 inueuimus
906 1493 1003 1574 viam,
1026 1515 1085 1578 per
1107 1514 1201 1576 quarn
1224 1491 1302 1573 ibat,
1324 1495 1357 1555 in
1378 1515 1475 1556 curru
1495 1489 1605 1576 legens
1629 1490 1773 1553 Ysaiam.

308 1620 480 1684 Venientes
503 1635 608 1685 autem
630 1625 663 1685 in
686 1623 892 1704 lherusalern,
915 1638 948 1686 vt
971 1624 1203 1709 compleremus
1226 1623 1420 1687 desiderium
1442 1632 1585 1688 nostrum
1609 1622 1649 1685 de
1664 1623 1855 1686 visitatione
1875 1638 1905 1689 ta

184 1732 356 1819 sepulchri,
378 1738 496 1800 iterum
518 1736 721 1801 ascendimus
745 1740 776 1801 in
800 1753 939 1802 ruontern
963 1738 1067 1824 Syon,
1096 1739 1150 1802 vbi
1173 1740 1300 1802 cenauit
1322 1739 1470 1804 Christus
1493 1761 1566 1802 cum
1588 1737 1756 1822 discipulis
1779 1739 1855 1819 suis,

184 1858 216 1910 et
236 1846 317 1913 lauit
338 1850 436 1935 pedes
459 1876 578 1917 eorum.

307 1982 385 2047 Inde
408 1983 632 2048 descendimus
655 2007 712 2069 per
735 1987 837 2066 viam,
862 2008 920 2070 per
943 2008 1040 2072 quarn
1063 1985 1229 2049 deseendit
1250 1985 1398 2052 Christus
1421 1995 1496 2071 post
1518 2007 1644 2064 cenam,
1673 1984 1905 2051 1111111111)

183 2110 305 2179 ortum,
334 2112 365 2162 et
395 2101 541 2163 venimus
567 2099 609 2163 ad
637 2100 862 2186 1111151111,
893 2100 946 2163 vbi
975 2111 1102 2164 secatus
1132 2112 1179 2165 est
1203 2102 1381 2177 Ysaias³⁸h
1424 2100 1476 2164 Ad
1509 2122 1604 2184 quem
1633 2098 1737 2164 locum
1768 2102 1856 2163 misit
1872 2116 1903 2165 21

183 2210 275 2276 Deus
296 2234 405 2278 cecum
428 2204 550 2279 natum.

306 2345 386 2409 Inde
413 2357 699 2411 transtorrentem
730 2347 873 2429 Cedron,
901 2349 956 2434 qui
985 2360 1033 2411 est
1062 2350 1094 2410 in
1123 2347 1206 2411 valle
1234 2347 1389 2433 losaphat
1418 2358 1449 2411 et
1476 2349 1576 2411 currit
1604 2348 1687 2410 inter
1714 2357 1905 2418 montenses

185 2458 294 2523 oliueti
316 2473 347 2524 ct
366 2462 573 2526 Iherusalem.

306 2592 385 2657 lndc
405 2594 634 2658 descendentes
656 2617 713 2679 per
736 2593 853 2657 vallem
874 2594 1029 2679 Iosaphat
1052 2596 1196 2659 venlinus
1218 2595 1259 2659 ad
1282 2595 1395 2671 locmn,
1419 2595 1474 2659 vbi
1499 2608 1568 2659 erat
1590 2606 1688 2676 ortus,
1712 2596 1745 2658 in
1761 2616 1854 2681 quern
1872 2616 1904 2665 23

182 2709 327 2773 introiuit
347 2708 470 2774 Ihesus
512 2710 557 2773 Et
578 2711 623 2773 ibi
647 2711 826 2773 inuenimus
848 2709 962 2791 locum,
986 2710 1041 2775 vbi
1064 2712 1170 2774 orauit
1192 2710 1318 2787 llresus,
1342 2722 1373 2774 ct
1393 2711 1449 2775 vbi
1472 2721 1586 2797 captus
1608 2712 1668 2773 fuit
1690 2712 1782 2774 iuxta
1804 2734 1853 2775 or·
1872 2731 1904 2781 24

184 2833 258 2889 tum.
302 2823 346 2887 Et
365 2848 450 2889 nunc
473 2825 590 2889 dieitur
614 2850 734 2905 campus
748 2832 865 2904 flora-ra,
1872 2841 1904 2891 25

307 2955 357 3020 Ibi
379 2958 472 3021 iuxta
492 2970 539 3021 est
559 2963 744 3036 sepulchrum
766 2961 890 3037 hirpinis
912 2958 945 3020 in
966 2957 1074 3021 media
1095 2957 1179 3022 valle
1200 2958 1361 3045 Iosophat.
1871 2968 1903 3018 26

308 3087 356 3150 lbi
378 3113 455 3153 vero
478 3092 510 3153 in
534 3091 617 3155 valle
636 3090 793 3174 Iosophat
815 3089 1054 3154 considerantes
1083 3097 1175 3151 locum
1197 3095 1300 3152 iudicii
1327 3092 1411 3153 inter
1433 3101 1573 3152 montem
1595 3088 1705 3154 oliueti
1727 3101 1758 3153 et
1779 3089 1850 3155 Oal-
1870 3102 1901 3153 27

182 3205 273 3267 uarie
302 3203 442 3268 sedimus
465 3205 578 3269 flentes
600 3217 631 3269 et
650 3218 837 3287 trementes,
867 3215 1075 3290 expectantes
1098 3205 1260 3272 iudicium.
1306 3205 1516 3270 Conferentes
1545 3214 1667 3287 autem,
1695 3205 1752 3269 vbi
1774 3207 1851 3270 resi·
1871 3226 1904 3276 28

183 3317 274 3383 deret
293 3321 327 3383 in
350 3320 415 3383 alto
438 3322 630 3385 iustissimus
653 3322 752 3385 iudex
774 3332 805 3385 et
826 3321 881 3384 vbi
904 3330 988 3384 esset
1008 3322 1049 3383 ad
1072 3319 1240 3384 dexteram
1262 3332 1293 3385 et
1314 3321 1357 3385 ad
1379 3323 1554 3402 sinistram,
1579 3325 1627 3399 [et]
1643 3320 1799 3406 elegimus
1812 3320 1853 3398 39)
1914 3346 1917 3351 ·

182 3446 300 3499 extunc
329 3438 527 3500 mansionem
559 3437 600 3501 ad
626 3437 808 3519 dexteram,
836 3449 867 3500 ct
899 3435 1033 3522 quilibet
1056 3437 1198 3522 signauit
1226 3436 1272 3501 ibi
1293 3437 1434 3522 lapidem
1455 3439 1489 3501 in
1511 3439 1738 3501 testimonium.
1780 3436 1853 3521 Ego
1871 3452 1904 3502 29

183 3564 290 3615 autem
313 3554 402 3616 erexi
424 3567 456 3615 et
477 3555 604 3637 signaui
627 3553 671 3617 ibi
694 3553 837 3639 lapidem
858 3554 892 3616 in
914 3553 1130 3617 testimonium
1153 3563 1184 3616 et
1206 3555 1317 3639 accepi
1346 3553 1450 3617 locum
1473 3552 1516 3617 ad
1534 3553 1702 3617 dexteram
1723 3575 1782 3638 pro
1802 3574 1854 3615 me

183 3678 215 3730 et
242 3688 302 3752 pro
331 3668 494 3750 omnibus,
527 3672 582 3754 qui
604 3693 624 3732 a
644 3691 694 3732 me
713 3669 848 3732 verbum
870 3668 935 3731 Dei
957 3667 1140 3750 audierant,
1174 3670 1227 3754 qui
1249 3680 1496 3754 perseuerarent
1523 3670 1557 3732 in
1579 3668 1643 3733 fide
1664 3681 1696 3732 et
1717 3670 1854 3733 veritate

182 3782 351 3867 euangelii.
392 3783 437 3848 Et
459 3786 506 3847 sic
529 3786 655 3869 signaui
677 3784 820 3870 lapidem
842 3783 901 3848 sub
923 3784 1134 3848 inuocacione
1154 3784 1335 3864 multorum,
1359 3786 1412 3870 qui
1436 3796 1601 3871 presentes
1623 3784 1753 3849 flebant.
1871 3810 1904 3861 30

305 3915 384 3979 Inde
412 3917 603 3979 intrauimus
630 3919 662 3980 iu
691 3922 876 3995 sepulchrum
900 3915 1151 4001 pulcherrimum
1175 3921 1314 3996 tarpr'nis,
1345 3917 1430 4003 quod
1454 3917 1626 3981 Sarraceni
1649 3938 1722 3980 eum
1743 3916 1853 3980 multis
1871 3932 1901 3981 31

182 4029 394 4095 lumInaribus
418 4043 448 4093 et
470 4054 590 4117 magna
610 4033 797 4095 reuerencia
818 4031 1009 4096 custodiunt.
1044 4032 1088 4095 Et
1110 4031 1154 4095 ibi
1179 4044 1345 4097 cantantes
1368 4044 1399 4098 ct
1421 4032 1622 4097 celebrantes
1645 4044 1675 4096 ct
1697 4032 1852 4118 populum
1872 4048 1903 4099 31

183 4147 455 4211 communicantes
478 4158 509 4210 et
531 4147 734 4232 predicantes
757 4148 944 4234 quieuimus.

306 4276 387 4340 Inde
416 4289 569 4342 exeuntes
598 4281 778 4343 inuenimus
805 4281 898 4342 iuxta
925 4278 1045 4342 dictum
1072 4278 1177 4344 locum
1201 4304 1366 4367 eampum,
1393 4280 1450 4345 vbi
1470 4281 1531 4344 fuit
1552 4280 1716 4367 lapidatus
1740 4279 1853 4343 heatus
1872 4295 1903 4344 33

183 4390 383 4478 Stephanus,
407 4410 437 4457 ct
458 4394 668 4458 ascendeutes
691 4398 872 4481 perviam,
901 4417 1076 4481 perquam
1100 4400 1262 4460 eiecerunt
1283 4420 1354 4460 eum
1376 4407 1469 4460 extra
1492 4398 1655 4461 ciuitatem
1679 4418 1751 4459 cum
1772 4394 1853 4479 lapi·

183 4508 294 4589 dibus,
323 4511 513 4573 intrauirnus
541 4514 572 4574 in
596 4510 792 4575 lherusalem
820 4534 877 4597 per
908 4521 1035 4596 portam
1061 4511 1285 4593 sabbatorum,
1319 4524 1351 4576 et
1372 4514 1551 4577 inuenimus
1580 4516 1731 4573 ecclesiam
1752 4523 1853 4570 sancte

182 4630 276 4703 Anne,
298 4628 412 4689 matris
433 4624 580 4689 Domine.
622 4627 671 4691 lbi
695 4627 903 4690 ostenderunt
923 4626 1042 4707 locum,
1070 4626 1125 4691 vbi
1148 4629 1443 4705 alfirnratreruut⁴‘')
1465 4651 1561 4709 vere,
1591 4627 1677 4710 quod
1696 4627 1755 4689 luit
1776 4636 1854 4687 nata
1871 4650 1903 4699 34

182 4739 279 4805 beata
303 4742 406 4826 virgo.
450 4739 494 4804 Et
516 4741 559 4804 ihi
588 4744 680 4806 iuxta
702 4743 827 4829 sepulta
850 4756 898 4806 est
919 4742 1014 4806 beata
1036 4742 1150 4809 Anna.
1174 4757 1277 4809 mater
1299 4746 1375 4808 eius.
1871 4765 1903 4813 35

306 4873 354 4937 lbi
377 4896 479 4959 prope
502 4877 680 4940 iuucnimus
702 4876 903 4962 probaticam
924 4877 1089 4960 piscinam.
1871 4889 1903 4939 36

307 5006 526 5069 Ascendentes
557 5020 663 5070 autern
693 5009 873 5071 inuenimus
902 5007 1031 5071 domum
1054 5007 1193 5071 Heroths
1217 5020 1249 5071 et
1272 5030 1372 5094 prope
1395 5008 1524 5071 domum
1545 5006 1660 5085 Pilati,
1692 5005 1746 5068 vbi
1770 5005 1852 5068 vidi·
1871 5022 1902 5072 31

244 5229 295 5295 36)
329 5222 404 5283 Ood.
438 5222 474 5284 G.
507 5224 669 5281 ieronimus
703 5228 793 5281 locum
826 5226 873 5283 vbi
904 5229 996 5284 locum
1100 5228 1151 5297 39)
1174 5226 1302 5300 elipinras
1332 5224 1396 5284 cod.
1428 5224 1463 5284 G.
1506 5222 1644 5284 Ceterum
1672 5225 1779 5303 copula
1806 5244 1853 5283 su·

182 5324 259 5382 beati
279 5324 305 5381 1.
327 5322 352 5381 b.
1037 5343 1222 5403 pervacanea
1243 5334 1294 5382 est.

245 5426 296 5493 37)
317 5424 382 5481 Act.
407 5424 433 5490 8,
457 5424 506 5480 27.
1100 5428 1151 5487 40)
1174 5422 1413 5500 affirmaverunt]
1435 5423 1601 5501 affirmauit
1621 5419 1658 5481 G.

245 5524 296 5593 38)
336 5521 452 5595 Yaar'os}
486 5520 613 5579 lesaiam
652 5519 825 5599 prophetam
857 5520 995 5580 Manasse

181 5628 322 5696 regnante
344 5638 423 5677 serra
446 5618 601 5677 dissectum
623 5618 731 5677 obiisse
752 5616 876 5678 tradunt.
