4214 6096
846 646 1064 707 ..47-

168 842 303 909 uerbum
328 840 460 904 dominc
483 848 596 903 nostre
618 837 743 922 ydriam
767 834 843 900 oleo
872 833 1049 900 fecundam
1063 832 1244 920 iugiter⁵³⁰
1265 835 1471 899 inuenerunt.
1517 831 1611 900 llaoc
1634 834 1734 917 igitur
1766 839 1796 901 7.

168 969 297 1053 ydriam
320 967 459 1046 uidi,·et
482 965 525 1029 de
547 965 622 1028 eius
645 962 722 1027 oleo
745 926 855 1042 hebui,
880 962 970 1026 etin
994 982 1114 1047 magua
1137 962 1348 1029 ueneratione
1370 957 1517 1024 habetur.

302 1091 384 1158 Cum
403 1091 501 1175 igitur
520 1090 650 1154 domina
662 1099 775 1153 nostra
794 1086 899 1153 semel
910 1071 947 1152 et
961 1088 1078 1155 iterum
1096 1088 1144 1153 ibi
1155 1086 1315 1173 predictis
1325 1082 1499 1151 monachis
1512 1085 1732 1171 apparuisset,
1766 1090 1796 1152 8.

168 1217 351 1283 inhonore
375 1217 448 1282 eius
472 1214 632 1300 capellam
656 1226 919 1280 construxerunt.

303 1341 388 1405 Hinc
411 1340 548 1405 ascendi
571 1360 631 1424 per
653 1341 774 1424 gradus
798 1342 1005 1425 sepedictus,
1029 1351 1063 1404 et
1086 1340 1221 1404 transiui
1242 1359 1302 1424 per
1324 1339 1408 1403 duos
1432 1349 1546 1422 portas
1569 1336 1732 1421 lapideas,
1765 1345 1796 1405 9.

169 1479 202 1531 et
224 1468 301 1532 ueni
325 1467 366 1531 arl
391 1464 551 1551 capellam
571 1463 728 1551 Helye⁶³1
750 1466 912 1552 prophete
935 1477 968 1532 et
990 1467 1033 1531 ad
1057 1465 1177 1546 locum,
1201 1465 1258 1549 qui
1275 1465 1393 1530 dicitur
1411 1464 1509 1545 orob,
1532 1463 1590 1529 ubi
1608 1464 1732 1550 Helyas

169 1592 329 1657 ieiunauit
350 1590 412 1656 XL
436 1589 554 1656 diebus
578 1602 611 1655 et
635 1589 690 1655 ubi
720 1592 813 1659 stetit
839 1592 875 1658 in
897 1590 1059 1658 foramine
1081 1602 1174 1676 petre
1203 1592 1244 1656 ad
1274 1591 1452 1675 uidendum
1475 1589 1669 1670 Dominum,
1700 1604 1735 1656 et

168 1718 250 1781 uidit
273 1728 408 1783 uentum
432 1727 666 1798 transeuntem,
691 1718 746 1801 qui
766 1715 931 1802 confregit
948 1729 1078 1783 montes
1097 1728 1131 1782 et
1149 1727 1271 1801 petras,
1295 1729 1329 1782 et
1347 1738 1412 1782 non
1438 1718 1470 1781 in
1496 1738 1536 1782 eo
1553 1714 1732 1799 Dominus;

168 1857 303 1930 etpost
325 1846 474 1930 spacium
499 1846 735 1925 commotionis
761 1853 1038 1920 terremotus‚et
1068 1863 1133 1909 nou
1163 1844 1197 1908 in
1227 1863 1269 1908 eo
1292 1843 1472 1924 Dominus,
1503 1855 1581 1927 post
1611 1846 1732 1928 ignem,

169 1984 201 2035 et
224 1993 291 2036 non
322 1973 355 2035 in
385 1973 463 2057 igne
487 1970 661 2036 Dominus.
708 1970 791 2049 Post
821 1973 912 2037 uenit
942 1968 1063 2035 sibilus
1086 1989 1163 2037 aure
1195 1971 1323 2050 tenuis,
1355 1981 1389 2035 et
1418 1970 1462 2034 ibi
1487 1969 1680 2064 Dominus,
1701 1980 1734 2033 ct
1768 1972 1818 2032 10.

169 2111 249 2163 tunc
271 2097 466 2184 loquebatur
490 2117 565 2162 cum
587 2118 639 2162 eo.
680 2176 683 2191 μ

302 2223 354 2288 Ab
379 2223 436 2287 illo
465 2222 541 2289 loco
570 2223 706 2288 ascendi
730 2224 901 2311 usquead
925 2225 1082 2291 uerticem
1105 2224 1227 2290 montis
1250 2222 1360 2303 Sinai,
1385 2223 1441 2289 ubi
1466 2232 1656 2289 constructa
1680 2232 1733 2287 est
1768 2228 1818 2288 11.

169 2347 315 2413 ecclesia
344 2348 465 2434 Moysi.
513 2348 578 2419 Ubi
605 2347 714 2433 legem
743 2349 834 2413 dedit
863 2350 894 2414 ei
925 2349 1104 2429 Dominus,
1141 2361 1175 2414 et
1204 2349 1359 2415 conmisit
1389 2348 1420 2412 ei
1450 2348 1492 2412 de
1520 2346 1731 2413 tabernaculo
1769 2353 1818 2414 lt.
1897 2336 1902 2356 ¹*

168 2471 324 2539 faciendo
349 2485 381 2538 et
399 2472 514 2554 arche3
539 2485 572 2538 et
595 2474 640 2538 ibi
661 2475 830 2556 icuinauit,
854 2487 888 2541 et
906 2476 1012 2541 eciam
1031 2474 1227 2570 loquebatur
1245 2495 1321 2542 cum
1338 2473 1482 2539 Domino
1501 2475 1587 2539 sicut
1606 2475 1731 2540 amicus

169 2620 244 2664 cum
266 2600 384 2665 amico.

302 2725 338 2789 ln
363 2722 491 2792 foribus
513 2722 605 2789 illius
628 2722 771 2790 ecclesie
794 2725 884 2810 lapis
907 2736 959 2791 est
982 2736 1016 2791 et
1034 2746 1176 2791 cauerua
1197 2737 1301 2810 petre,
1326 2725 1381 2791 ubi
1401 2725 1539 2812 Moyses
1556 2725 1732 2790 abscondit
1767 2729 1817 2791 13.

170 2872 226 2931 se,
262 2850 393 2935 quando
423 2849 558 2915 uolebat
586 2849 768 2916 Dominum
793 2851 923 2931 uidere,
959 2851 1074 2916 dicens
1088 2848 1140 2916 ³³²:
1175 2851 1341 2927 „Ostende
1366 2852 1443 2914 milri
1465 2854 1582 2932 sociem
1612 2859 1731 2913 tuam.“

170 2976 332 3042 Dominus
356 2988 482 3042 autem:
511 2976 615 3062 „Ego
638 2978 811 3042 ostendam
824 2975 862 3014 ⁵³³
885 2977 944 3042 tihi
969 2977 1228 3059 omnebonum,
1257 2975 1374 3042 sociem
1405 2988 1512 3042 eutem
1535 2990 1640 3041 meum
1664 2996 1729 3039 non
1767 2981 1817 3040 14.

168 3103 294 3186 poteris
318 3103 440 3184 uidere,
465 3104 524 3168 sed
550 3115 602 3168 ste
625 3105 658 3168 in
683 3101 843 3169 foramine
861 3115 965 3189 petre,
988 3115 1022 3167 et
1044 3122 1118 3169 cum
1140 3104 1370 3188 pertransiero,
1396 3102 1526 3167 uidebis
1547 3101 1731 3186 posteriora

167 3248 250 3292 mea.
278 3227 438 3314 ⁴Moyses
460 3240 570 3293 eutem
594 3241 687 3294 stans
710 3230 801 3294 iuxta
824 3239 967 3313 petram,
991 3230 1124 3314 quando
1148 3228 1312 3295 Dominus
1333 3227 1560 3313 pertransiuit,
1583 3225 1730 3293 resoluta
1767 3237 1816 3296 15.

169 3362 221 3415 est
244 3362 336 3437 petra
367 3351 456 3416 uelut
487 3373 580 3434 cera,
611 3374 675 3439 que
698 3354 741 3419 ad
770 3356 880 3439 ignem
903 3351 1117 3420 malaxeta⁵³⁴
1145 3364 1206 3419 est.
1252 3354 1302 3419 Ex
1332 3355 1448 3419 timore
1476 3365 1604 3431 autem,
1633 3366 1730 3437 quem
1766 3357 1815 3416 16.

168 3479 331 3542 contraxit
354 3477 494 3563 Moyses
517 3498 536 3541 a
560 3477 663 3563 gloria
688 3478 833 3561 Domini,
858 3501 957 3567 quam
979 3481 1078 3560 uidit,
1100 3480 1259 3565 inpressit
1283 3502 1321 3547 se
1343 3493 1452 3565 petre,
1474 3482 1508 3545 in
1533 3495 1598 3567 que
1623 3479 1730 3544 adhuc

167 3603 310 3686 uestigia
339 3601 611 3670 lineamentorum
641 3605 715 3670 eius
744 3607 895 3692 inpressa
919 3607 999 3672 uidi.
1046 3606 1142 3672 Petra
1172 3617 1280 3671 autem
1309 3606 1483 3672 durissima
1507 3614 1559 3670 est
1582 3617 1616 3670 et
1639 3605 1730 3671 nullo
1767 3613 1818 3672 17.

167 3726 254 3794 serra
277 3730 384 3793 secari
408 3740 531 3814 potest.

302 3855 332 3917 A
362 3856 533 3920 cacumine
562 3853 661 3920 huius
690 3859 812 3922 montis
846 3859 914 3922 uidi
950 3869 1052 3925 totam
1080 3858 1284 3942 prouinciam
1318 3855 1386 3923 late
1420 3858 1452 3921 in
1488 3858 1636 3922 circuitu.
1689 3857 1731 3922 Et
1767 3862 1816 3922 18.
1898 3907 1905 3920 .

167 3982 313 4046 ostendit
336 3983 415 4047 mihi
440 3985 557 4048 ductor
579 4004 673 4049 meus
697 3985 738 4048 de
762 3984 880 4049 eodem
905 3983 980 4048 loco
997 3981 1117 4068 Helym
1130 3981 1178 4063 ⁵³⁵,
1201 3982 1258 4047 uhi
1276 3993 1355 4048 suut
1372 3983 1435 4048 Xll
1454 3981 1567 4049 fontes
1586 3996 1618 4048 et
1635 3983 1730 4049 Lxx

166 4105 286 4190 palme,
311 4119 344 4172 et
367 4107 477 4173 locum
500 4107 609 4190 illum,
637 4108 694 4174 ubi
716 4111 822 4193 primo
845 4110 898 4174 usi
927 4119 1005 4173 sunt
1027 4127 1144 4174 manua
1168 4107 1226 4174 lilii
1250 4107 1364 4173 lsrael.
1411 4110 1594 4195 Numquam
1617 4111 1731 4175 dicunt
1763 4118 1815 4178 20.

167 4230 212 4294 ibi
234 4229 367 4314 pluere,
398 4235 458 4297 sed
481 4233 592 4301 locum
616 4232 709 4299 illum
732 4234 857 4319 irrigari
881 4232 941 4297 tali
965 4255 1045 4308 rore.
1092 4234 1134 4299 Et
1156 4235 1345 4315 sciendum,
1377 4237 1484 4322 quod,
1515 4254 1588 4302 cum
1619 4257 1728 4301 essem
1762 4244 1815 4306 ul.

167 4356 224 4436 ibi,
248 4357 376 4420 modica
399 4356 513 4442 pluuia
536 4361 727 4442 descendit,
758 4381 831 4427 cum
859 4361 904 4425 ibi
929 4362 1076 4447 quinque
1099 4361 1194 4426 anuis
1218 4369 1295 4425 ente
1317 4381 1383 4425 oon
1406 4360 1558 4446 pluisset.
1605 4362 1729 4425 Notan-
1763 4366 1814 4426 22.

167 4483 242 4545 dum
266 4495 386 4562 tamen,
411 4486 500 4570 quod
524 4486 589 4551 iste
607 4507 702 4551 mons
726 4488 758 4551 in
783 4487 897 4551 maiori
921 4497 1015 4571 purte
1038 4486 1157 4552 dicitur
1181 4484 1292 4566 Sinai3
1315 4487 1348 4550 in
1372 4486 1481 4572 aliqua
1506 4498 1614 4550 tamen
1638 4497 1730 4570 parte

256 4792 321 4860 530)
331 4793 440 4861 iupiter]
451 4796 592 4847 station-
600 4794 666 4864 531)
675 4795 861 4868 Helyrffillue.
871 4796 932 4849 vid.
943 4797 1032 4865 llleg.
1041 4795 1083 4864 te,
1093 4796 1118 4851 8.
1126 4795 1152 4850 9.
1162 4795 1202 4850 11.
1223 4797 1435 4853 (lirRobinsonl
1449 4797 1547 4851 170.-
1556 4793 1622 4863 ⁵3⁸2)
1630 4797 1727 4864 dicem]

166 4900 226 4952 vra.
238 4901 446 4954 exouxxxnr
459 4900 1118 4973 15-533)Εμωεωαωη]νῑᾱ.κιοᾱωιιι
1130 4902 1335 4973 roes-nor)
1345 4905 1488 4972 musra]
1499 4886 1729 4973 μαλασσόμενα,

166 5009 293 5061 emollita.
303 5039 339 5050 -
349 5007 415 5078 535)
428 5008 534 5082 Halym]
546 5010 625 5064 Elim.
637 5012 697 5065 Vid.
708 5013 787 5065 Num.
794 5011 910 5065 xxxin
923 5029 947 5079 q.
967 5014 1045 5067 Nunc
1057 5022 1099 5067 est
1108 5013 1192 5080 Wedy
1203 5012 1360 5067 Ghurundel
1369 5020 1480 5067 auctore
1491 5012 1631 5065 Robinson
1643 5010 1654 5064 l
1667 5006 1727 5064 110.
