4214 6096
247 1519 439 1596 INCIPIT
465 1515 791 1594 ITINERARIUS
818 1516 1030 1591 FRATRIS
1053 1517 1275 1603 RICOLDL
1302 1516 1508 1594 ORDINIS
1535 1516 1780 1592 FRA'PRUM

805 1652 1215 1729 PREDICATORUM.

301 1917 383 1984 (lum
403 1940 473 2002 ego,
495 1918 595 1980 trater
614 1917 782 1999 Ricoldus,
811 1919 960 1982 minimus
983 1921 1016 1981 in
1037 1916 1149 1983 ordine
1171 1916 1428 2002 predicatorum,
1459 1920 1673 2003 recogitarem
1696 1921 1875 2005 frequen-t

119 2122 125 2131 Ι
176 2047 226 2101 ter
247 2031 665 2120 incomprehensibilitatem
678 2036 699 2111 ¹)
727 2044 758 2097 et
779 2035 992 2098 intensionem
1014 2033 1116 2097 diuini
1138 2034 1256 2096 amoris
1286 2032 1328 2096 ad
1349 2054 1450 2116 genus
1469 2033 1657 2117 humanum,
1688 2035 1773 2122 quod
1796 2036 1844 2099 sic

175 2150 268 2216 Deus
290 2148 404 2213 dilexit
424 2148 593 2228 mundum,
613 2159 649 2212 vt
669 2148 789 2212 Filium
811 2150 909 2213 Suum
932 2149 1140 2234 Vnigenitum
1164 2149 1273 2228 daret,
1304 2159 1335 2212 et
1355 2149 1425 2233 ipsa
1446 2148 1606 2214 Altissimi
1629 2151 1732 2215 Filius
1753 2173 1845 2214 suam

177 2267 478 2354 peregrinacionem
501 2263 671 2349 diligenter
689 2263 783 2328 nobis
805 2264 1056 2328 admemoriam
1080 2264 1258 2345 reduceret,
1280 2275 1315 2327 vt
1338 2286 1377 2327 ea
1397 2286 1461 2328 non
1484 2287 1628 2330 essemus
1643 2267 1775 2350 ingrati,
1797 2265 1844 2328 di-

177 2405 272 2449 cens:
295 2387 407 2459 „Exiui
429 2405 448 2442 a
469 2386 564 2442 Patre
585 2392 612 2441 et
634 2385 702 2442 veni
726 2387 757 2442 in
776 2381 975 2457 mundom“²),
1002 2392 1034 2444 et
1060 2381 1220 2466 quomodo
1244 2381 1346 2444 eciam
1372 2389 1467 2444 natus
1490 2403 1615 2467 pauper
1637 2393 1668 2445 et
1690 2380 1845 2467 paruulus

177 2499 239 2565 cito
270 2520 330 2562 nec
358 2497 419 2560 sibi
448 2519 508 2560 nee
535 2498 631 2560 matri
658 2497 804 2582 pepercit
826 2517 846 2558 a
866 2494 964 2580 longa
987 2508 1019 2559 ct
1045 2496 1209 2561 laboriosa
1238 2497 1524 2581 peregrinacione,
1554 2497 1611 2561 sed
1639 2520 1710 2562 cunr
1743 2508 1847 2561 matre

174 2636 319 2702 paupere
348 2624 379 2676 et
407 2635 482 2676 sene
514 2611 622 2675 baiulo
651 2613 875 2697 peregrinatus
907 2622 955 2675 est
978 2615 1012 2675 in
1035 2611 1204 2698 Egiptum,
1236 2622 1271 2674 vt
1299 2612 1425 2694 fugeret
1445 2612 1649 2678 aduersarios
1672 2635 1765 2693 suos,
1797 2614 1847 2675 eui

174 2754 239 2797 non
263 2732 369 2794 inerat
397 2751 495 2793 causa
520 2729 661 2791 timoris:
692 2726 837 2807 decreui,
864 2727 949 2813 quod
979 2741 1064 2792 osset
1094 2729 1190 2792 michi
1214 2726 1307 2791 ualde
1328 2729 1592 2811 ignominiosum,
1627 2728 1748 2815 quod3)
1772 2738 1848 2813 post

175 2857 223 2913 tot
250 2845 406 2911 beneficia
438 2853 604 2928 suscepta,
635 2865 697 2928 que
719 2840 804 2906 solus
826 2845 897 2928 ipse
919 2845 1024 2925 nouit,
1048 2846 1101 2929 qui
1125 2866 1175 2907 mc
1201 2846 1330 2907 vocauit
1352 2854 1383 2906 ct
1405 2845 1591 2928 segregauit
1612 2843 1652 2906 de
1672 2842 1791 2942 mundo
1815 2854 1846 2907 et

175 2962 353 3047 assumpsit
374 2960 416 3024 ad
438 2970 559 3023 tantum
583 2959 743 3040 ordinem,
771 2972 805 3022 vt
827 2982 929 3022 essem
952 2962 1043 3023 testis
1064 2970 1096 3023 ct
1117 2960 1301 3045 predicator
1323 2960 1437 3045 ipsius,
1458 2961 1520 3022 nisi
1530 2961 1554 3036 ⁴)
1576 2960 1752 3043 cogitarem
1774 2960 1845 3023 vias

175 3101 264 3143 meas
288 3087 320 3142 et
340 3090 562 3141 conuertercm
583 3075 682 3160 pedes
705 3098 793 3139 meos
816 3076 849 3138 in
869 3078 1053 3141 testimonia
1069 3099 1135 3140 sua.
1179 3076 1346 3160 Cogitaui,
1375 3077 1526 3160 inquam,
1546 3099 1610 3139 non
1638 3097 1708 3139 csse
1734 3086 1880 3156 tutum,2

176 3193 264 3282 quod
291 3215 350 3278 ego
379 3192 475 3278 longo
495 3201 641 3276 tempore
662 3190 807 3254 sederem
829 3202 860 3254 et
883 3193 1008 3256 ociosus
1038 3216 1140 3256 essem
1168 3203 1200 3255 et
1227 3215 1290 3256 non
1320 3191 1492 3277 probarem
1519 3189 1641 3275 aliquid
1668 3190 1708 3254 dc
1735 3189 1847 3255 labore

176 3310 379 3397 paupertatis
400 3319 431 3372 et
452 3308 547 3392 longe
575 3308 866 3391 peregrinacionis3
897 3311 1038 3372 maxime
1060 3332 1132 3373 cum
1152 3310 1185 3373 in
1206 3320 1311 3372 mente
1333 3330 1405 3370 mea
1426 3306 1644 3387 reuolucrcm,
1680 3328 1760 3392 quas
1780 3304 1847 3370 lon-

176 3448 236 3513 gas
257 3437 290 3489 et
309 3423 490 3488 laboriosas
523 3423 804 3508 peregrinaciones
827 3446 1065 3509 assumpseram
1089 3424 1195 3489 adhuc
1216 3423 1369 3488 secularis
1385 3424 1537 3502 existens,
1560 3433 1596 3485 vt
1610 3422 1813 3486 addiscerem
1825 3425 1848 3500 ⁵)

176 3542 248 3607 illas
265 3539 426 3606 seculares
442 3540 608 3619 scienciae,
630 3560 710 3622 quas
725 3537 876 3602 liberales
893 3540 1067 3626 appellant.
1111 3540 1270 3626 Suscepto
1291 3542 1390 3624 igitur
1412 3537 1601 3602 obediencia
1624 3538 1747 3602 domini
1764 3561 1849 3624 pape
1868 3562 1883 3610 3

176 3658 337 3723 mediante
366 3657 522 3740 magistro
550 3654 671 3718 ordinis
693 3655 852 3738 incipiens
874 3658 1173 3741 peregrinacionem
1200 3657 1320 3720 traniui
1348 3678 1453 3734 marc,
1486 3665 1521 3717 vt
1547 3654 1619 3717 loca
1649 3653 1705 3717 illa
1738 3677 1849 3742 corpo·

175 3773 286 3838 raliter
312 3772 472 3850 viderem,
503 3793 564 3856 que
585 3769 736 3835 Christus
759 3769 970 3855 corporaliter
991 3774 1152 3853 uisitauit,
1185 3783 1218 3835 ct
1245 3773 1388 3835 maxime
1409 3769 1530 3851 locum,
1559 3772 1592 3833 in
1620 3793 1682 3855 quo
1711 3793 1771 3856 pro
1801 3795 1850 3835 sa-

174 3888 240 3953 lute
268 3888 398 3952 humani
427 3888 555 3972 generis
584 3887 666 3949 mori
689 3885 842 3971 dignatus
865 3897 928 3967 est,
958 3899 992 3949 vt
1013 3889 1169 3951 memoria
1189 3888 1349 3973 passionis
1373 3888 1440 3950 eius
1462 3887 1496 3949 in
1517 3894 1623 3949 mente
1643 3908 1716 3950 mea
1738 3888 1851 3972 impri

175 4013 315 4069 meretur
337 4005 491 4084 tenacius,
512 4013 544 4066 et
566 4003 697 4087 sanguis
719 4000 842 4066 Christi
864 4025 923 4087 pro
947 4002 1049 4066 salute
1070 4012 1181 4067 nostra
1203 4003 1321 4067 effusus
1344 4012 1429 4066 esset
1450 4001 1547 4065 michi
1567 4000 1667 4065 robur
1689 4013 1720 4065 et
1741 4001 1850 4066 firma-

175 4128 317 4184 mentum
337 4118 380 4182 ad
401 4118 635 4204 predicandum
663 4128 695 4180 et
713 4115 911 4181 moriendum
935 4141 993 4203 pro
1016 4117 1081 4199 illo,
1104 4121 1157 4203 qui
1180 4119 1277 4184 michi
1297 4142 1356 4182 sua
1378 4127 1480 4182 morte
1502 4120 1603 4181 vitam
1626 4116 1768 4181 donauit.

832 4548 856 4610 l.
899 4548 962 4611 DE
986 4548 1193 4614 GALILEA.

303 4697 385 4761 Vcni
410 4699 510 4782 igitur
540 4698 573 4760 in
593 4701 708 4770 Accon,
735 4706 767 4759 et
787 4695 862 4759 inde
891 4699 1004 4761 itincre
1030 4698 1095 4762 diei
1116 4701 1211 4764 vnius
1232 4700 1347 4784 viginti
1370 4697 1510 4761 miliaria
1532 4719 1604 4760 cum
1627 4694 1735 4758 multis
1758 4695 1881 4763 Chri-l

176 4814 290 4877 stianis
324 4814 397 4877 veni
418 4814 452 4875 in
475 4815 629 4875 deliteam.
671 4811 715 4874 Et
737 4813 840 4897 primo
864 4816 1070 4898 peruenimus
1098 4815 1141 4878 ad
1166 4818 1333 4891 Glanamt)
1357 4818 1487 4887 Gatilee,
1517 4811 1573 4874 vbi
1596 4810 1746 4875 Christus
1773 4811 1884 4878 facita

176 4931 308 4994 inicium
330 4931 510 5014 signorum,
540 4948 658 5011 aquam
689 4928 905 4992 conuertendo
933 4931 967 4992 in
994 4933 1115 4994 vinum.
1158 4932 1219 4995 Est
1241 4942 1346 4995 autem
1369 4929 1482 4994 Chana
1504 4926 1630 4989 Galilee
1659 4935 1775 5009 quarto
1798 4925 1884 4994 vel3

176 5047 288 5132 quinto
313 5043 452 5109 miliario
474 5065 494 5106 a
514 5041 686 5105 Nazareth.
727 5042 778 5106 lbi
800 5054 894 5108 extra
915 5045 1021 5109 casale
1043 5048 1224 5110 inuenirnus
1246 5058 1385 5132 puteum,
1407 5043 1492 5107 vnde
1512 5042 1652 5106 ministri
1675 5041 1884 5112 hauseruntt

176 5182 294 5249 aquam
315 5160 486 5246 implentes
507 5157 630 5245 ydrias.
674 5157 724 5223 lbi
746 5160 925 5224 inuenimus
948 5159 1053 5225 locum
1074 5163 1266 5248 nupciarum
1295 5172 1327 5225 et
1343 5160 1416 5224 loca
1438 5169 1470 5222 et
1491 5156 1645 5222 formulas
1668 5158 1851 5244 ydriarum.
1868 5183 1883 5231 5

175 5275 227 5342 Ibi
252 5280 455 5341 cantauimus
485 5285 517 5339 et
546 5273 784 5360 predicauimus
819 5276 1022 5362 euangelium
1054 5279 1254 5365 nupciarum.
1309 5276 1359 5340 lbi
1385 5276 1500 5358 rogaui
1528 5273 1714 5357 Christum,
1754 5262 1884 5377 quod}l

242 5482 269 5553 l)
292 5477 365 5539 Ood.
388 5475 438 5538 G.:
461 5476 811 5552 incomprehensibilitate.
1099 5485 1129 5553 4)
1150 5478 1217 5554 nisi]
1239 5480 1303 5538 Iam
1322 5477 1482 5556 praecessit
1503 5477 1667 5536 coniunctio
1693 5480 1779 5554 quod.

239 5580 270 5651 2)
291 5578 348 5637 Er.
366 5576 438 5636 Joh.
461 5579 509 5649 26,
530 5580 578 5636 28.
1098 5583 1129 5646 5)
1153 5577 1225 5637 Ood.
1246 5575 1281 5635 G.
1306 5578 1474 5635 ediscerem.

240 5678 272 5751 3)
293 5677 384 5754 qaod]
407 5675 513 5735 melius
535 5675 602 5732 nisi.
1098 5680 1128 5750 (t)
1151 5676 1224 5736 cod.
1247 5675 1283 5737 G,
1310 5676 1432 5736 canam.

1605 5789 1638 5838 lt
