4214 6096
1011 352 1047 413 tt

195 554 348 619 magnum
371 551 470 612 mare,
491 552 553 617 que
574 542 647 595 sunt
667 534 735 596 eius
759 533 898 612 termini,
921 541 976 595 aut
997 530 1146 617 pedibus,
1168 540 1204 595 ut
1224 529 1346 595 dictum
1368 542 1434 612 est,
1456 530 1699 615 perarubulaui,
1722 530 1775 595 ucl
1796 552 1868 595 ocu·

191 649 244 728 lis,
265 647 322 712 ubi
344 668 511 712 accessum
532 646 653 712 habere
673 670 739 712 nou
760 649 863 735 potui,
885 646 1058 732 diligenter
1080 646 1293 716 consideraui.

317 763 502 828 Aduertens
532 772 654 845 autem,
683 765 843 849 quomodo
863 784 994 849 possem
1017 763 1108 840 hec⁸)
1130 762 1252 827 utiliter
1274 762 1478 845 describere,
1507 764 1553 826 ita
1574 774 1610 826 ut
1632 774 1764 849 possent
1783 783 1804 825 a
1826 760 1919 825 12-29

193 879 344 966 gentibus
365 881 597 966 imaginatione
618 879 708 944 sacili
731 878 970 967 comprehendi,
993 880 1134 963 cogitaui
1156 889 1301 943 centrum
1323 877 1455 966 aliquod
1478 880 1512 943 in
1533 901 1572 943 ea
1594 900 1714 965 ponere
1736 888 1766 942 et
1782 879 1869 941 circa

191 993 273 1060 illud
294 1006 395 1060 totam
419 1006 539 1060 terram
560 995 656 1062 modo
680 995 789 1061 debito
812 995 973 1061 ordinare.
1009 995 1054 1059 Et
1074 994 1117 1059 ad
1138 995 1200 1060 hoc
1222 993 1304 1079 elegi
1326 998 1475 1057 ciuitatem
1493 999 1694 1072 arbonensem,
1715 1004 1870 1080 tanquam
1887 1009 1920 1060 22

194 1109 269 1197 plus
291 1110 365 1175 aliis
385 1122 503 1177 notam.
537 1111 609 1192 Que
630 1126 739 1176 tamen
760 1133 824 1175 non
846 1115 946 1177 estin
967 1111 1084 1194 medio,
1108 1110 1165 1176 sed
1186 1111 1219 1174 in
1241 1110 1435 1175 occidentali
1457 1112 1526 1175 eius
1546 1110 1645 1187 fines)
1667 1132 1767 1196 supra
1780 1131 1871 1173 mare
1888 1123 1918 1173 22

196 1229 270 1292 sita.
305 1226 350 1291 Et
363 1225 407 1291 ab
424 1229 498 1315 ipsa
513 1230 662 1314 protraxi
682 1240 820 1316 quatuor
834 1228 947 1309 lineus,
968 1239 1105 1316 quatuor
1120 1226 1232 1291 mundi
1249 1226 1398 1313 partibus
1414 1226 1646 1313 respondentes
1653 1233 1692 1308 ⁰),
1716 1235 1745 1290 et
1761 1248 1869 1312 quum·
1887 1237 1920 1288 22

196 1343 277 1408 libet
307 1355 455 1430 quartam
484 1342 582 1408 diuisi
609 1345 641 1408 in
672 1345 750 1426 tria,
779 1354 814 1409 ut
841 1344 1074 1431 responderent
1095 1341 1266 1408 duodecim
1296 1343 1473 1408 diuisiones
1493 1344 1555 1408 iste
1577 1341 1746 1407 duodecim
1765 1342 1871 1405 uentis

192 1457 278 1540 celi,
303 1472 335 1523 ct
354 1460 389 1523 in
411 1459 547 1545 singulis
571 1458 785 1525 diuisionibus
808 1462 901 1546 posui
921 1460 1071 1525 ciuitates
1090 1472 1124 1525 et
1143 1459 1214 1525 loca
1237 1461 1270 1522 in
1292 1461 1494 1545 scripturisd)
1515 1460 1619 1544 magis
1642 1469 1729 1540 nota,
1751 1470 1786 1521 ut
1808 1459 1870 1520 sin·

194 1573 345 1660 gulorum
369 1574 514 1641 locorum
544 1577 625 1640 situs
654 1587 685 1640 et
714 1574 885 1663 dispositio
915 1587 1025 1662 posset
1054 1576 1094 1640 de
1124 1574 1211 1639 facili
1240 1577 1397 1661 reperiri,
1428 1574 1587 1661 adquam
1612 1584 1737 1661 partem
1759 1571 1871 1637 mundi

193 1702 279 1755 esset
299 1690 466 1756 collocata.

581 1856 747 1922 INCIPIT
769 1856 909 1922 PRIMA
929 1856 1100 1922 DIUISIO
1124 1854 1272 1920 TERRE
1296 1856 1481 1921 SANCTE.

318 2006 345 2070 I.
389 2006 563 2071 Sciendum
586 2020 693 2071 autem
715 2018 764 2073 cst
786 2009 819 2072 in
841 2008 1012 2093 principio,
1035 2006 1123 2090 quod
1144 2018 1232 2071 terra
1254 2006 1327 2087 ista,
1350 2028 1445 2092 quam
1468 2018 1613 2070 sanctam
1633 2005 1786 2085 dicimus,
1808 2012 1900 2093 quel

196 2121 314 2186 cecidit
335 2124 369 2185 in
390 2134 508 2187 sortem
531 2121 701 2187 duodecim
722 2123 864 2187 tribuum
884 2122 997 2204 Israel,
1020 2146 1080 2209 pro
1103 2133 1195 2209 parte
1218 2122 1326 2208 aliqua
1348 2120 1517 2186 dicebatur
1539 2144 1673 2206 regnum
1694 2121 1787 2204 Iuda,
1809 2145 1870 2208 que

195 2246 298 2315 erat⁰l
333 2238 470 2303 duarum
496 2237 655 2320 tribuum,
687 2238 808 2303 scilicet
829 2238 910 2303 Iudc
938 2250 970 2303 et
989 2239 1177 2321 Beniamin,
1211 2260 1271 2325 pro
1299 2248 1392 2323 parte
1421 2237 1524 2301 altera
1546 2235 1714 2302 dicebatur
1735 2262 1870 2324 reguum

198 2352 356 2435 Samarie,
379 2355 520 2418 ciuitatis
544 2354 675 2436 scilicet,
699 2377 761 2441 quc
784 2377 870 2419 nunc
893 2354 1028 2419 Sebaste
1050 2353 1168 2419 dicitur
1191 2366 1221 2418 ct
1242 2368 1312 2418 erat
1334 2366 1433 2440 caput
1448 2352 1715 2418 decemtribuum
1732 2354 1869 2442 reliqua·

196 2492 284 2551 rum,
314 2493 375 2557 que
396 2469 499 2535 Israel
530 2470 728 2535 dicebantur.
769 2470 949 2555 Utrumque
976 2482 1083 2534 tamen
1115 2493 1251 2556 regnum
1279 2469 1366 2533 istud
1393 2493 1465 2534 cum
1493 2480 1562 2535 tota
1589 2480 1677 2533 terra
1697 2469 1871 2535 Philistiim

198 2584 368 2651 dicebatur
389 2586 565 2669 Palestina,
588 2610 650 2674 que
671 2598 740 2651 crat
761 2609 839 2672 pars
861 2585 972 2671 Syrie,
995 2588 1077 2651 sicut
1099 2586 1243 2651 Saxonis
1264 2587 1317 2651 uel
1337 2586 1480 2651 Francia
1501 2595 1611 2672 partes
1634 2598 1707 2650 sunt
1732 2586 1870 2651 Theuto·

195 2704 257 2784 nic,
279 2713 311 2766 et
328 2701 530 2767 Lambardia
552 2716 583 2767 ct
605 2703 724 2767 Tuscia
745 2712 855 2787 partes
879 2702 993 2768 Ytalie.

321 2818 375 2882 Ad
397 2818 459 2884 hoc
479 2830 585 2883 autem
606 2819 733 2905 plenius
754 2818 1000 2904 intelligendum
1021 2830 1108 2901 uota,
1130 2818 1217 2906 quod
1238 2818 1348 2906 plures
1370 2830 1445 2883 sunt
1466 2822 1554 2899 Syrie
1565 2826 1607 2898 1),
1627 2801 1765 2883 diuersis
1786 2816 1870 2882 scili·
1888 2836 1903 2886 2

196 2944 247 2999 cet
274 2934 459 2999 nominibus
479 2946 672 3021 nuncupate.
716 2935 802 3000 Tota
825 2936 910 2999 enim
931 2944 1037 3017 terra,
1066 2958 1128 3022 que
1150 2944 1201 3000 est
1224 2957 1244 2999 a
1265 2935 1359 3021 Tigri
1380 2935 1479 3001 fluuio
1501 2957 1604 3021 usque
1629 2935 1673 3000 ad
1693 2934 1870 3020 Egyptum,

198 3048 394 3135 generaliter
417 3054 510 3131 Syria
532 3055 781 3136 nuncupaturs).
821 3051 904 3114 Pars
931 3063 1040 3115 tamen
1065 3054 1133 3116 eius
1155 3053 1274 3138 prima,
1303 3073 1364 3137 que
1393 3062 1442 3117 est
1462 3053 1546 3116 inter
1566 3050 1682 3116 fluuios
1702 3050 1871 3115 Eufratem

196 3176 227 3230 et
249 3165 375 3252 Tigrim
396 3172 461 3245 ctss)
483 3165 687 3253 protenditur
708 3166 920 3253 perlongum
943 3168 984 3232 ab
1005 3168 1155 3255 aquilone
1176 3171 1210 3232 in
1231 3177 1392 3249 austrum,
1422 3167 1483 3233 hoc
1511 3176 1561 3231 est
1584 3190 1605 3233 a
1626 3178 1734 3231 monte
1761 3166 1870 3232 Tauro

196 3281 362 3369 usquead
384 3305 474 3347 mare
496 3282 640 3365 rubrum,
661 3283 845 3369 appellatur
868 3288 1119 3364 Mesopotaaiah)
1141 3288 1239 3364 Syrie,
1261 3285 1355 3370 quasi
1376 3289 1474 3346 racdia
1496 3288 1576 3347 inter
1596 3307 1701 3364 apum,
1723 3296 1755 3350 et
1771 3281 1869 3349 babet

194 3408 306 3484 gentes
326 3396 461 3481 multas,
491 3409 526 3462 ut
547 3398 697 3482 Parthos,
718 3399 843 3464 Medos.
888 3400 976 3479 Cuia
999 3400 1040 3465 ab
1062 3409 1172 3465 austro
1195 3401 1401 3485 conirmgitnr
1426 3404 1575 3478 Caaldea,
1596 3402 1631 3464 in
1653 3423 1717 3486 qua
1738 3410 1787 3464 est
1808 3404 1871 3461 Ba-

198 3517 324 3595 bylonia,
346 3524 378 3578 et
397 3513 445 3577 illi
463 3513 584 3579 ibidem
605 3514 646 3578 ab
669 3526 781 3580 austro
805 3515 933 3580 adiacet
953 3521 1069 3579 Arabia
1091 3539 1192 3603 usque
1214 3515 1256 3580 ad
1279 3538 1369 3580 marc
1386 3515 1529 3597 rubrum,
1550 3514 1637 3602 quod
1657 3516 1691 3578 in
1712 3514 1792 3579 locis
1806 3513 1870 3579 illis

197 3632 286 3695 sinus
309 3630 461 3695 arabicus
485 3629 612 3695 dicitur.
654 3631 767 3695 Prima
788 3640 896 3696 tamen
919 3655 997 3718 pars
1018 3633 1123 3697 tocius
1144 3632 1240 3696 huius
1260 3630 1512 3717 Mesopotamia,
1537 3653 1598 3716 que
1619 3630 1801 3717 aquilonem
1822 3652 1871 3694 re·

197 3749 310 3834 spicit,
342 3749 377 3812 in
399 3769 463 3833 qua
485 3758 533 3811 est
555 3748 670 3812 ciuitas
692 3751 819 3826 Edisse,
851 3771 912 3834 que
935 3749 1111 3835 antiquitus
1132 3753 1248 3825 Races,
1274 3768 1360 3811 nunc
1381 3748 1500 3825 112229)
1521 3746 1655 3830 dicitur,
1687 3745 1871 3831 specialiter

198 3867 415 3943 Mesopotamia
438 3867 525 3944 Syrie
546 3875 759 3949 nuncupatur.
803 3865 848 3928 Et
871 3864 931 3928 hcc
952 3873 1001 3928 est
1022 3863 1128 3949 prima
1154 3861 1259 3948 Syria.

322 3979 474 4044 Secunda
496 3991 545 4044 est
567 3983 659 4059 Syria
681 3983 791 4057 celet),
818 4003 881 4068 que
903 3981 1018 4067 incipit
1040 4002 1060 4042 a
1082 3978 1181 4043 fluuio
1204 3976 1339 4042 Eufrate
1361 3990 1392 4042 et
1413 3979 1604 4042 terminatur
1627 3980 1661 4043 in
1683 3980 1754 4044 riuo
1775 3978 1872 4043 Uala·

195 4095 245 4161 nie
260 4097 317 4177 ¹⁰),
340 4098 396 4182 qui
419 4094 491 4160 fluit
511 4095 570 4160 sub
593 4096 700 4161 castro
721 4096 890 4184 Margath,
913 4107 944 4161 22
966 4095 1054 4160 222112
1074 4096 1109 4158 in
1129 4117 1218 4158 mare
1239 4116 1393 4181 magnum
1415 4096 1448 4159 in
1470 4093 1548 4159 uilla
1569 4094 1728 4176 Ualanie,
1750 4095 1784 4159 in
1805 4117 1870 4181 qua

194 4221 243 4275 est
264 4210 359 4275 sedes
380 4211 585 4298 episcopalis,
607 4235 666 4298 per
686 4236 783 4277 unam
807 4212 933 4277 leucam
955 4235 975 4275 2
997 4211 1144 4298 predicto
1169 4224 1275 4275 222212
1298 4210 1446 4275 distante.
1487 4212 1526 4275 In
1547 4211 1609 4276 hac
1632 4210 1800 4298 Celesyria
1822 4221 1871 4274 est

197 4327 313 4392 ciuitas
335 4331 494 4391 Antiochia
516 4350 588 4392 curn
610 4328 745 4394 urbibus
769 4331 835 4393 suis
859 4330 1088 4414 suffragancis,
1112 4327 1235 4393 scilicet
1253 4332 1409 4405 Laodicia,
1429 4333 1560 4407 Apamia
1571 4333 1590 4405 ¹)
1613 4337 1644 4393 22
1665 4327 1737 4392 aliis
1753 4325 1869 4391 multis.

321 4443 440 4508 Tereia
461 4450 548 4521 2222)
572 4448 665 4524 Syria
686 4449 840 4522 Paeaicis,
868 4468 930 4532 que
954 4446 1070 4531 incipit
1091 4468 1112 4510 a
1131 4444 1277 4532 predicto
1298 4443 1398 4508 fluuio
1422 4443 1561 4509 Ualanie
1588 4445 1629 4509 ab
1653 4442 1816 4528 aquilone,
1838 4450 1871 4506 ct

197 4560 382 4625 extenditur
411 4583 525 4626 uersus
554 4572 700 4625 austrum
721 4582 823 4645 usque
851 4561 893 4626 ad
913 4562 1044 4631 Petram
1066 4563 1203 4626 incisam
1225 4562 1294 4624 siue
1323 4559 1484 4625 desertam
1507 4561 1566 4625 sub
1589 4574 1695 4625 monte
1718 4555 1868 4636 Carmeli,

196 4681 249 4762 qui
269 4675 357 4741 locus
386 4676 482 4741 hodie
507 4679 646 4739 Castrum
666 4681 896 4757 pereprinoram
920 4677 1052 4760 dicitur,
1079 4687 1111 4742 et
1140 4688 1188 4741 est
1209 4676 1328 4741 milicie
1355 4675 1468 4762 templi
1484 4677 1532 4753 11).
1579 4677 1617 4740 In
1644 4679 1707 4741 ista
1731 4677 1868 4738 222221-

263 4860 290 4925 2)
309 4857 355 4912 bic
374 4856 414 4914 St.
435 4891 464 4901 -
485 4860 513 4930 b)
524 4861 609 4927 finem
627 4856 666 4914 St.
684 4889 716 4898 -
735 4862 762 4927 c)
779 4861 943 4929 respoudeat
962 4860 1001 4915 st.
1019 4861 1213 4928 resporularcat
1230 4858 1257 4914 b.
1277 4889 1308 4898 -
1335 4859 1365 4927 d)
1384 4859 1497 4930 scriptia
1518 4858 1557 4914 St.
1575 4858 1723 4927 acceptoria
1741 4856 1767 4913 h.
1786 4888 1818 4897 -
1843 4858 1870 4927 2)

327 4949 405 4996 crant
423 4943 477 5012 St,
500 4942 547 4997 scd
565 4942 661 4997 literae
679 4959 698 4997 n
717 4947 852 5012 puuctum
871 4942 1056 5012 subscriptum
1074 4950 1123 4997 est.
1141 4973 1175 4982 -
1196 4943 1222 5005 1)
1240 4950 1431 5015 arrowapautar
1450 4942 1489 4998 St.
1508 4973 1542 4981 —
1565 4944 1597 5013 g)
1615 4951 1641 4996 et
1657 4958 1709 4995 om.
1729 4939 1768 4994 St.
1788 4958 1869 4997 nosc

330 5025 489 5081 coniectura
507 5025 678 5080 inseruimus.
704 5056 735 5065 —
759 5025 789 5094 11)
808 5028 998 5097 mesopotania
1015 5024 1057 5080 St.
1085 5056 1114 5066 -
1145 5026 1164 5092 1)
1184 5025 1375 5096 qailacStb,
1396 5026 1503 5097 quode
1524 5026 1684 5081 coniectura
1703 5024 1731 5078 in
1749 5026 1796 5078 cai
1811 5043 1868 5078 mu·

326 5109 453 5164 tacimus.
472 5141 506 5150 -
523 5111 553 5182 lc)
571 5110 657 5179 Syria
675 5110 743 5163 celes
761 5109 799 5164 St.
821 5140 854 5151 -
872 5111 891 5175 l)
910 5110 1033 5165 1222112122
1054 5111 1184 5180 appaaia
1203 5110 1243 5164 St.
1261 5140 1292 5149 -
1313 5114 1350 5175 m)
1369 5118 1408 5164 cst
1425 5126 1478 5164 om.
1497 5109 1537 5167 St.

257 5268 287 5338 8)
303 5266 410 5342 plures
431 5275 501 5323 auat
521 5264 618 5340 Syrie]
640 5264 687 5324 De
708 5265 769 5338 bis,
791 5284 866 5345 quae
887 5284 1012 5345 sequun-
1052 5263 1118 5323 biae
1139 5262 1191 5323 IV.
1215 5269 1268 5335 21,
1295 5263 1347 5322 sed
1370 5273 1416 5323 est
1436 5263 1505 5323 urbs
1527 5262 1658 5337 Mediae,
1688 5285 1764 5346 quae
1791 5286 1870 5326 nunc

195 5372 254 5438 tur,
276 5363 312 5424 cf.
334 5384 362 5423 v.
383 5363 513 5422 Ranrner
532 5363 685 5423 Palestina
706 5385 735 5443 p.
758 5368 817 5425 362
840 5374 899 5423 not.
924 5368 1008 5424 175a.
1052 5363 1162 5422 11212122
1184 5363 1295 5423 dicitnr.

258 5467 289 5538 9)
311 5463 527 5538 Edisse-Ilaec]
555 5462 671 5521 Edessa
700 5482 722 5522 2.
749 5461 859 5522 Edisse
891 5470 936 5522 est
967 5483 1010 5522 re·
1117 5467 1165 5537 10)
1187 5465 1218 5522 ia
1240 5463 1308 5521 riao
1334 5461 1471 5537 Ualaaie]
1495 5460 1700 5524 (22122211.
1724 5469 1771 5524 30.

196 5580 265 5621 cens
280 5558 361 5622 Oria.
403 5559 500 5635 Quam
520 5561 609 5621 medii
630 5563 694 5621 aevi
717 5562 872 5640 scriptores
894 5563 1011 5620 Rolnam
1119 5562 1420 5637 11)·1211121212222121
1443 5562 1491 5621 Ab
1514 5581 1591 5621 anno
1613 5561 1785 5625 1212121218.
1822 5562 1867 5625 cf.

198 5659 304 5721 dicunt.
341 5663 443 5737 Rapcs
463 5659 581 5740 quidem
603 5669 780 5721 memoratur
800 5662 830 5720 in
852 5659 926 5720 libro
949 5660 1011 5719 To·
1051 5662 1156 5721 Ritteri
1176 5680 1275 5739 geogr.
1297 5659 1383 5721 XVI.
1407 5667 1473 5723 615.
