4214 6096
1057 342 1095 406 78

242 520 282 584 de
304 520 391 583 tribu
412 520 593 599 Beniamin,
616 519 734 605 partim
756 518 796 583 de
817 518 906 583 trihu
925 518 1073 605 Effraym
1097 529 1186 601 erat,
1211 521 1275 584 sita
1295 532 1402 584 tamen
1424 521 1458 583 in
1479 528 1587 583 monte
1608 517 1766 601 Effraym.
1806 514 1916 580 Plani-

240 637 305 700 cies
325 637 410 697 enim
431 633 488 697 illa
510 636 557 697 sic
579 632 777 720 appellatur,
804 633 881 699 licet
904 658 997 701 mons
1014 658 1079 700 non
1100 638 1156 717 sit,
1190 637 1248 702 sed
1269 657 1414 721 campus.
1454 634 1555 698 Dicta
1575 634 1636 698 fuit
1655 636 1843 708 Arimattr'a,
1875 630 1917 696 de

239 773 303 836 qua
324 751 459 836 loseph,
487 749 604 814 nobilis
626 749 772 830 decurio,
801 752 856 834 qni
884 751 1013 837 sepliuit
1033 752 1221 816 Dominum.
1264 750 1393 816 Samuel
1423 751 1582 836 propheta
1607 758 1678 814 erat
1707 747 1747 812 de
1768 746 1918 825 eadem⁸)

240 865 394 931 oriundus
418 878 449 930 et
470 868 503 929 in
523 888 562 929 ea
585 866 737 951 sepultus.
779 867 888 931 Hodie
910 868 1029 931 dicitur
1050 869 1260 939 Romala⁵⁵⁷t

206 986 221 1035 8
363 983 416 1045 De
438 982 575 1045 Raunda
604 982 708 1046 trihus
737 984 838 1048 leucis
866 993 978 1048 contra
1006 983 1206 1047 occidentem
1238 996 1286 1047 est
1308 989 1402 1062 Ioppe
1422 985 1553 1062 ciuitas,
1581 980 1638 1045 ubi
1658 981 1755 1045 Ionas
1782 980 1919 1043 intrauit

238 1122 367 1179 nauem,
389 1098 501 1162 uolens
521 1101 633 1182 fugere
656 1121 676 1160 a
696 1101 780 1163 t'acic
799 1100 934 1164 Domini
954 1103 988 1164 in
1010 1099 1156 1169 Tharsis,
1180 1099 1240 1164 hoc
1262 1112 1310 1164 est
1335 1098 1377 1162 ad
1399 1099 1521 1163 insulas
1543 1099 1652 1162 maris.

205 1224 221 1273 9
367 1215 436 1279 Suh
459 1237 498 1277 ea
519 1228 568 1277 est
587 1218 826 1297 Jarrrniabw),
848 1228 961 1301 portus
984 1215 1067 1279 alins
1088 1215 1201 1296 ludec,
1231 1215 1273 1279 ad
1294 1216 1326 1280 Π
1348 1216 1456 1280 leucas
1479 1224 1591 1280 contra
1612 1222 1766 1277 austrum.
1811 1210 1918 1291 Quem

240 1342 370 1417 portum
393 1336 479 1415 cepit
499 1330 598 1394 ludas
619 1331 818 1396 Machabeus
838 1342 870 1395 et
892 1332 1065 1396 succendit.

191 1462 222 1511 te
365 1447 417 1510 lle
439 1447 613 1511 Ierusalem
633 1448 664 1511 ll
684 1447 784 1512 leucis
807 1460 920 1513 contra
941 1459 1086 1512 austrmn
1107 1451 1169 1513 sita
1192 1461 1240 1513 est
1254 1450 1499 1527 Bethlehem-⁵⁹),
1521 1449 1635 1510 ciuitas
1649 1444 1706 1508 illa
1720 1444 1790 1507 ueri
1804 1442 1918 1507 Dauid

241 1570 345 1639 ortus)
367 1564 520 1646 insignis,
549 1565 582 1627 iu
604 1566 737 1626 sinistra
757 1575 851 1649 parte
872 1566 938 1645 uie,
968 1588 1030 1651 qne
1052 1564 1140 1628 ducit
1160 1565 1282 1645 Bhron,
1304 1578 1398 1628 extra
1421 1566 1508 1627 uiam
1530 1573 1638 1626 tamen
1658 1560 1701 1626 ad
1722 1561 1844 1624 iactum
1866 1580 1918 1623 er·

241 1700 298 1742 cus
321 1680 425 1744 emtus.
471 1679 565 1743 Prius
585 1691 692 1742 tamen
713 1682 853 1743 occurrit
875 1687 1043 1760 sepulcrum
1063 1686 1179 1743 Rachel
1190 1685 1257 1763 ⁵⁰⁰),
1279 1680 1322 1744 ad
1343 1681 1511 1760 dextram,
1538 1681 1631 1743 iuxta
1653 1679 1750 1742 uiam.
1793 1676 1919 1743 Contra

240 1816 318 1858 nero
340 1794 529 1858 Bethlehem
552 1805 600 1858 est
622 1799 718 1855 torris
740 1801 822 1856 Ader
835 1799 891 1873 Ιὒϋῑ)
914 1799 982 1860 sine
1001 1801 1116 1877 propia,
1143 1796 1200 1861 ubi
1221 1796 1320 1861 laeob
1343 1796 1461 1860 dicitur
1484 1794 1649 1881 aliquanto
1673 1806 1821 1880 tempore
1842 1804 1918 1879 post

241 1921 378 1974 mortem
400 1910 551 1974 Rachelis
581 1913 739 1974 mansisse
770 1924 800 1974 et
830 1935 949 1996 pecora
976 1936 1034 1976 sua
1063 1914 1204 1998 pauisse.
1247 1913 1371 1977 Ibidem
1399 1915 1501 1976 eciam
1529 1924 1677 1997 pastores
1699 1908 1917 1974 custodientes

241 2027 371 2111 uigilias
380 2032 404 2103 d)
428 2028 530 2090 noetis
551 2050 649 2112 super
671 2050 803 2111 gregem
826 2051 918 2091 sunm
940 2029 973 2090 iu
996 2026 1076 2091 hora
1098 2030 1276 2093 natiuitatis
1299 2029 1420 2095 Christi
1442 2031 1593 2093 uiderunt
1616 2038 1647 2091 et
1667 2026 1841 2091 audieruut
1862 2047 1918 2089 an-

241 2142 331 2227 gelos
354 2154 521 2206 cantantes
545 2142 682 2225 „thoria
702 2146 736 2207 in
759 2143 927 2208 excelsis.“
970 2145 1033 2223 Qui
1056 2145 1160 2207 eciam
1182 2147 1416 2208 nnnciauerunt
1437 2158 1549 2208 nat-nm
1571 2142 1783 2208 Saluatorem.

363 2259 552 2323 Bethlehem
575 2282 651 2324 nero
674 2262 737 2322 sita
759 2270 808 2323 est
830 2262 863 2323 in
886 2271 994 2323 moute
1017 2272 1235 2346 competenter
1258 2260 1333 2341 alto,
1356 2260 1413 2323 sed
1434 2273 1513 2341 arto,
1535 2261 1590 2347 qui
1613 2258 1654 2323 ab
1676 2260 1798 2323 oriente
1819 2259 1918 2322 inoe-

241 2376 401 2441 cidentem
424 2399 458 2440 se
480 2375 634 2439 extendit.
669 2376 721 2438 Ab
744 2376 911 2439 occidente
935 2376 1032 2440 hahet
1052 2378 1229 2460 introitum,
1250 2390 1281 2440 et
1303 2377 1348 2439 ibi
1371 2388 1420 2440 est
1438 2379 1579 2440 cisterna
1601 2378 1693 2441 iuxta
1714 2386 1855 2460 portam,
1877 2372 1919 2437 de

240 2516 305 2579 qua
326 2492 437 2556 Dauid
449 2495 504 2567 ⁵⁶²5
529 2491 726 2555 desiderauit
749 2491 870 2573 bibere,
894 2516 966 2555 enm
987 2505 1072 2556 esset
1093 2495 1125 2556 iu
1150 2494 1302 2578 presidio.

368 2611 405 2674 ln
430 2609 493 2670 tine
522 2631 599 2672 uero
621 2607 767 2672 orientali
781 2611 836 2683 ill>
862 2610 1003 2672 ciuitatis
1026 2609 1168 2672 eiusdem
1192 2609 1252 2673 suh
1274 2633 1369 2695 rupe,
1404 2632 1466 2694 que
1486 2619 1556 2672 erat
1577 2610 1670 2670 iuxta
1692 2628 1818 2670 murum
1841 2605 1919 2669 cini-

239 2729 316 2791 tatis
345 2739 374 2789 et
405 2725 580 2788 seeundum
611 2747 734 2789 morem
765 2739 851 2788 terre
878 2724 963 2789 illius
992 2725 1119 2789 uidetur
1151 2727 1250 2789 t'uisse
1271 2726 1361 2790 locus
1384 2749 1443 2811 pro
1465 2724 1607 2797 stah1d0‚
1635 2723 1758 2787 hahens
1780 2742 1920 2808 presepe

239 2846 385 2907 excismn
409 2840 449 2904 de
472 2852 583 2927 petra,
611 2854 644 2905 ut
666 2843 765 2904 moris
790 2854 838 2905 est
858 2843 966 2905 tacere
987 2842 1152 2927 presepia,
1182 2856 1269 2905 ortus
1299 2855 1346 2906 ost
1365 2842 1440 2905 huie
1462 2841 1582 2905 mundo
1606 2840 1645 2904 de
1666 2840 1794 2923 uirgine
1815 2848 1920 2901 matre

240 2958 289 3023 sol
309 2959 450 3038 iusticie,
481 2956 629 3021 Christus
651 2958 758 3036 lesus,
783 2957 955 3021 ostendens
979 2981 1012 3020 se
1036 2981 1094 3021 sna
1115 2960 1282 3020 natiuitate
1306 2958 1418 3021 sordes
1439 2970 1470 3021 et
1492 2956 1642 3020 tenebras
1663 2955 1775 3019 mundi
1794 2953 1920 3019 ablatu-

240 3096 321 3153 rum,
344 3097 381 3137 co
404 3073 490 3157 quod
512 3073 663 3137 sordibus
684 3077 774 3136 nasci
798 3088 829 3136 et
850 3076 926 3137 oriri
950 3074 1052 3137 uoluit
1072 3074 1145 3137 talis
1167 3073 1238 3137 loci.

364 3190 460 3253 quta
483 3213 559 3253 uero
582 3189 764 3275 predictam
787 3213 900 3275 rupem
923 3203 971 3254 est
995 3190 1059 3254 alia
1082 3192 1245 3275 capacior,
1266 3190 1313 3253 lV
1332 3202 1440 3253 tamen
1464 3188 1601 3275 pedihus
1624 3188 1759 3269 distans,
1779 3186 1920 3272 subque

240 3316 310 3369 erat
339 3328 494 3391 presepe,
529 3308 562 3369 iu
596 3329 658 3392 qno
689 3305 793 3369 duleis
826 3329 907 3391 puer
929 3304 982 3369 ille
1005 3329 1081 3369 mox
1103 3319 1198 3369 natus
1221 3329 1328 3370 eoram
1355 3305 1438 3369 boue
1460 3318 1489 3369 et
1512 3308 1604 3369 asino
1628 3305 1792 3369 insolutus
1814 3304 1922 3367 therat

240 3420 426 3485 reclinatus.
463 3421 601 3486 Uidetur
622 3434 729 3485 tamen
752 3421 831 3485 mihi
853 3445 913 3508 pro
937 3432 1024 3487 certo
1047 3446 1110 3486 nura
1133 3434 1257 3486 tantum
1279 3444 1377 3508 rupes
1395 3424 1504 3502 titisse,
1527 3421 1584 3485 sed
1601 3424 1722 3485 sactum
1741 3434 1790 3485 est
1802 3422 1921 3485 ostium

241 3538 275 3601 in
296 3537 404 3601 medio
429 3560 486 3622 per
507 3561 629 3623 rupem,
652 3561 710 3623 per
731 3538 817 3624 qued
838 3540 870 3601 in
895 3538 1028 3602 chorum
1053 3538 1092 3602 de
1114 3538 1239 3624 capella
1259 3538 1315 3602 illa
1336 3551 1385 3603 est
1408 3562 1569 3602 aseensus.
1611 3538 1664 3602 Ad
1684 3537 1790 3603 locum
1812 3545 1921 3600 sutem

242 3652 427 3717 dulcissime
455 3656 634 3717 natiuitatis
662 3652 869 3717 descenditur
904 3654 946 3717 ah
977 3654 1113 3718 ecclesia
1143 3657 1176 3717 in
1204 3654 1363 3740 capellam
1383 3678 1441 3740 per
1464 3655 1496 3717 X
1517 3654 1657 3740 gradus,
1690 3656 1780 3718 cuius
1803 3674 1920 3717 causas

243 3771 390 3855 superius
418 3771 662 3853 assignarunt).
708 3769 766 3832 Bst
797 3783 904 3833 autom
935 3768 1061 3855 capella
1090 3772 1154 3833 ista
1185 3783 1253 3834 tota
1286 3773 1422 3834 interius
1452 3772 1539 3834 faeta
1561 3769 1600 3833 dc
1623 3792 1719 3856 opere
1741 3770 1868 3833 musino
1891 3778 1923 3832 et

243 3896 345 3947 strato
375 3908 536 3950 inarrnore
560 3902 590 3949 et
614 3895 800 3972 suruptuose
823 3886 918 3949 ualde
940 3888 1037 3949 tacta.
1081 3889 1185 3973 Super
1206 3886 1311 3951 locum
1333 3887 1438 3968 illum,
1470 3887 1526 3950 ubi
1548 3886 1644 3949 beata
1667 3887 1760 3969 uirgo
1783 3885 1922 3971 peperit,

243 4010 350 4085 potest
373 4000 436 4063 diei
457 4004 557 4065 missa
578 4025 674 4087 super
697 4002 840 4067 tabulam
864 4025 1093 4083 nrarmorcam,
1121 4026 1182 4089 que
1207 4014 1309 4067 strata
1332 4015 1379 4066 est
1402 4002 1457 4066 ihi.
1500 4003 1552 4066 De
1579 4003 1689 4089 lupide
1711 4002 1813 4065 eciam
1835 3999 1922 4065 nudo

242 4115 370 4180 uidetur
393 4115 438 4179 ibi
462 4140 549 4202 pars,
572 4117 629 4180 uhi
649 4132 744 4181 uatus
767 4131 816 4182 est
838 4118 996 4184 Christus.
1042 4119 1198 4183 Similiter·
1220 4121 1322 4182 eciam
1346 4119 1483 4205 quedam
1507 4142 1584 4205 pars
1607 4121 1775 4204 presepia,
1801 4120 1835 4182 in
1858 4140 1921 4205 quo

308 4284 335 4349 a]
354 4286 414 4332 erat
430 4281 463 4331 dc
480 4298 533 4346 qen
551 4279 592 4335 St.
604 4282 668 4349 soit
685 4283 718 4333 de
736 4299 767 4333 ea
785 4281 811 4334 h.
836 4315 867 4321 --
891 4282 919 4352 b)
939 4283 1025 4335 iurm'o
1047 4282 1088 4336 St.
1113 4284 1192 4335 r'orn'o
1212 4282 1237 4336 h.
1261 4314 1293 4322 —
1322 4290 1348 4353 e)
1367 4292 1443 4336 ortas
1461 4282 1492 4336 St
1505 4283 1530 4336 h.
1561 4313 1589 4321 —
1616 4284 1644 4343 d)
1663 4282 1778 4350 nipilr'as
1799 4299 1852 4336 om.
1872 4280 1924 4349 St,

378 4362 463 4416 habet
481 4365 506 4415 h.

244 4522 368 4579 trionem
391 4541 492 4579 vorsus
514 4519 657 4578 Hebrone
680 4520 776 4577 distat.
827 4520 989 4579 Robinsoni
1013 4543 1061 4579 au-
1168 4525 1238 4593 559)
1260 4522 1434 4595 Bethleheru]
1464 4522 1510 4580 De
1543 4522 1597 4581 hac
1625 4522 1764 4599 singulari
1793 4521 1923 4602 descrip-

240 4630 299 4678 tem
313 4621 460 4678 sententia
472 4630 516 4677 est
531 4617 621 4676 Sitha.
650 4619 835 4676 Burchardus
850 4640 987 4679 vcronec
1004 4621 1061 4678 lta·
1103 4622 1182 4679 tione
1213 4623 1334 4699 exponit
1364 4621 1450 4677 Titus
1482 4621 1628 4681 'l'oblems
1663 4622 1736 4680 libro
1766 4623 1922 4701 inscripto:

242 4719 326 4790 meh,
356 4740 409 4778 nec
430 4718 550 4788 Subam,
572 4717 624 4776 sed
644 4717 768 4777 Ramleh
790 4717 887 4777 dicere
908 4728 937 4776 et
956 4718 1063 4777 adiisse
1104 4721 1276 4780 Bethlehem
1289 4725 1320 4779 in
1334 4720 1492 4779 l'altistinn.
1515 4720 1557 4781 St.
1571 4721 1679 4781 Gallen
1693 4743 1720 4780 u.
1736 4721 1814 4780 Bern
1834 4726 1921 4783 1849.

243 4817 364 4877 videtur.
388 4851 426 4860 —
458 4816 502 4877 Of.
535 4816 648 4874 'l'obler
678 4816 809 4894 'l'opogn
839 4838 866 4875 v.
893 4817 991 4876 Jerus.
1020 4818 1062 4876 ll.
1167 4826 1239 4893 560)
1259 4821 1425 4895 sepulcrum
1448 4820 1570 4895 Rachel]
1592 4820 1628 4881 V.
1652 4820 1766 4878 'Pohler
1787 4819 1921 4899 Tepegr.

243 4922 317 4981 som
340 4917 493 4976 llobinson
515 4916 633 4975 l'al.Il.
658 4920 715 4975 533
739 4937 817 4994 Sq‹1.3
840 4936 897 4973 van
914 4916 949 4975 de
967 4916 1062 4975 Velde
1103 4941 1129 4979 v.
1151 4919 1250 4978 leros,
1275 4923 1332 4979 782
1355 4939 1417 4996 sqq.

241 5018 363 5073 memoir
384 5038 412 5095 p.
435 5020 504 5075 241.
1166 5024 1236 5089 aot)
1259 5018 1354 5074 turris
1368 5016 1458 5090 elder]
1482 5015 1590 5087 Gader,
1612 5035 1656 5071 ”r
1670 5018 1738 5076 eas,
1776 5016 1821 5077 Of.
1839 5018 1922 5078 Tob-

305 5121 376 5187 557>
398 5116 566 5172 Arirrmtlria
581 5146 622 5155 -·
636 5113 776 5188 aaaron]
797 5113 988 5171 Arimathiam
1003 5115 1059 5172 lta-
1101 5117 1144 5175 ler
1165 5115 1338 5173 Bethlehem
1360 5136 1388 5194 p.
1413 5119 1481 5175 256.

243 5212 352 5270 mulam
376 5235 434 5272 non
455 5234 519 5273 csse
541 5213 627 5273 docet
642 5212 901 5291 'l'oblerTopogr
917 5234 945 5271 v.
960 5214 1060 5274 Jerus.
1164 5220 1235 5285 562)
1259 5215 1389 5273 cister-nn
1414 5248 1453 5256 —
1477 5215 1590 5290 Dauid]
1612 5213 1649 5276 V.
1673 5215 1786 5274 'l'obler
1803 5216 1922 5277 Bethle-

244 5312 282 5369 ll.
305 5315 374 5372 802.
1101 5315 1168 5372 hem
1191 5333 1219 5391 p.
1242 5318 1300 5373 263
1323 5336 1351 5373 u.
1376 5320 1403 5375 3.

306 5414 377 5479 558)
406 5411 533 5486 Invenio]
570 5413 701 5492 Antiqua
727 5410 831 5485 labne,
865 5411 988 5471 Iabneel
1017 5422 1061 5471 est
1164 5417 1234 5483 563)
1258 5412 1289 5469 in
1300 5413 1365 5490 fiae
1386 5413 1620 5488 uereorieatah]
1645 5412 1680 5472 V.
1696 5413 1920 5474 ToblerBethl

243 5529 344 5567 reeens
356 5506 458 5568 lebna.
481 5510 526 5568 el.
539 5510 653 5570 Tobler
668 5516 694 5571 3.
712 5510 907 5585 Wauderung
919 5532 945 5589 p.
957 5515 994 5570 23
1008 5534 1060 5590 sq,
1101 5532 1129 5589 p.
1159 5514 1222 5572 tlt.

244 5628 270 5667 v.
298 5607 425 5665 Banmer
447 5628 474 5685 p.
500 5612 564 5674 184,
588 5610 682 5669 Bitter
703 5610 789 5668 ΧΠ.
817 5614 983 5669 tas-127.
1164 5615 1234 5683 564,
1251 5611 1334 5667 cuius
1352 5632 1477 5668 caussas
1493 5613 1632 5685 superaus
1648 5610 1919 5687 ussipnanz]V1.l.
