4214 6096
1059 340 1115 404 180

213 539 228 590 2
250 518 293 584 ad
316 523 430 581 Ttilnm
444 519 513 598 ¹⁶⁴),
547 516 633 603 quod
661 528 711 583 est
741 528 885 582 castrum
913 517 1009 583 ualde
1038 518 1156 584 bonurn
1183 516 1350 583 amandam
1384 516 1512 582 nobilis.
1556 517 1653 582 quta
1671 514 1752 580 illud
1772 517 1853 590 situs
1872 525 1923 582 est

212 634 381 723 squidem
402 656 494 698 mons
515 634 594 698 satis
616 655 760 716 amenus,
782 654 876 720 quem
899 646 1019 696 montem
1039 640 1075 696 de
1096 637 1248 696 anentaria
1261 635 1316 704 115)
1337 631 1514 719 appellant.
1557 630 1649 697 Sicut
1669 631 1754 696 enim
1775 653 1816 698 ex
1837 633 1921 698 neri-

249 750 324 816 dica
350 749 506 815 relatione
536 747 740 831 audiuimus,
779 749 960 835 quicunque
989 771 1048 813 sex
1077 750 1267 835 septimanis
1292 749 1485 814 ieiunauerit
1513 757 1545 814 et
1566 745 1836 834 penitencialibus
1856 747 1922 813 illis

246 865 359 931 diebus
386 868 530 952 peractis
558 865 859 946 communicauerit,
889 875 921 928 et
945 865 991 928 sic
1013 865 1140 929 ieiunus
1162 863 1283 929 dietum
1305 876 1447 929 montem
1468 864 1655 945 intrauerit,
1688 863 1921 948 proculdubio

211 973 321 1088 {boni
346 993 479 1045 euentus
502 991 534 1044 et
554 981 710 1045 fortunati
733 979 795 1045 sibi
817 990 999 1045 occurrunt.
1040 979 1136 1060 Quod
1157 979 1328 1046 multorum
1352 994 1552 1066 compertum
1568 979 1798 1064 experimento.
1832 980 1921 1045 Inter

244 1120 306 1184 que
328 1097 408 1162 illud
430 1119 488 1183 pro
510 1118 628 1181 magno
652 1106 776 1182 reputo,
798 1093 883 1182 quod
905 1094 1038 1179 quidam
1060 1096 1163 1180 miles,
1184 1118 1278 1184 quern
1302 1105 1334 1159 et
1352 1117 1411 1160 nos
1432 1094 1573 1159 uidimus
1593 1095 1627 1158 in
1648 1093 1831 1176 Antiochia,
1852 1094 1920 1159 illic

245 1211 431 1278 huiusmodi
453 1233 531 1275 casu
553 1213 677 1276 inuenit
697 1210 860 1298 quoddam
881 1212 1134 1296 manutergium,
1155 1210 1243 1296 quod
1265 1233 1322 1276 sue
1343 1210 1466 1277 familie
1488 1222 1520 1275 et
1539 1209 1743 1295 hospitibus,
1764 1221 1922 1297 quotquot

245 1349 365 1393 uocare
393 1329 576 1409 consueuit,
606 1329 714 1392 omnia
743 1328 929 1392 necessaria
948 1328 982 1391 in
1003 1325 1200 1394 uictualibus
1222 1328 1432 1408 ministrauit,
1461 1329 1508 1391 ita
1529 1337 1564 1389 ut
1585 1327 1618 1389 in
1635 1347 1746 1391 mensa
1768 1336 1800 1390 et
1821 1348 1920 1412 snper
1959 1369 1962 1374 -

213 1445 348 1519 616111)
371 1453 486 1529 parata
508 1444 771 1519 inuenirentura.
813 1442 956 1507 Utimam
989 1445 1091 1507 eciam
1121 1442 1304 1507 huiusmodi
1335 1444 1481 1507 minister
1512 1441 1607 1506 hodie
1630 1443 1695 1506 uite
1718 1450 1921 1505 succurreret

245 1558 444 1643 indigenciel

213 1674 223 1723 ¹
369 1673 493 1737 XXVI.
539 1674 655 1739 Hieme
684 1675 784 1759 igitur
814 1677 877 1738 iam
910 1674 1079 1739 recedente
1107 1674 1184 1738 dum
1218 1674 1260 1739 ad
1288 1676 1409 1739 exitum
1436 1688 1522 1738 terre
1549 1675 1643 1738 istius
1670 1673 1918 1754 intenderemus,

245 1789 472 1875 per'Tarsim,
501 1813 597 1876 quam
619 1813 719 1877 supra
741 1790 916 1877 descripsi,
946 1812 1060 1853 uersus
1083 1791 1282 1855 occidentem
1304 1788 1547 1872 descendimus,
1576 1802 1608 1855 et
1629 1791 1808 1855 inuenimus
1831 1790 1919 1852 circa

243 1903 317 1969 illas
339 1916 449 1990 partes
471 1905 682 1971 Hormeniam
704 1909 737 1970 in
760 1905 866 1988 siluis,
887 1910 921 1969 in
943 1906 1125 1970 recentibus
1148 1908 1240 1994 aquis
1260 1917 1294 1971 at
1315 1905 1399 1970 bono
1421 1915 1496 1969 aere
1519 1918 1628 1969 nostre
1649 1905 1806 1970 Teutonis
1830 1906 1917 1969 simi·

212 2020 364 2086 alimum.
410 2021 516 2102 Quam
538 2022 642 2086 tribus
665 2023 780 2088 diebus
803 2032 1016 2109 peragrantes
1037 2023 1185 2086 uenimus
1210 2014 1288 2084 Citra
1304 2024 1373 2104 ¹⁶⁷),
1395 2043 1457 2105 que
1478 2030 1528 2085 est
1549 2022 1664 2085 ciuitas
1687 2024 1721 2084 in
1742 2022 1824 2085 mari
1845 2023 1917 2102 sita,

213 2151 227 2201 3
246 2136 366 2201 bonum
388 2137 511 2201 habens
533 2150 669 2223 portum.
712 2140 750 2203 In
773 2161 837 2224 qua
858 2138 953 2203 hodie
975 2136 1156 2219 mirabiles,
1184 2139 1331 2224 quamuis
1352 2135 1472 2218 diruto,
1495 2147 1656 2223 apparent
1675 2148 1850 2220 structure,
1872 2139 1918 2201 ita

244 2262 281 2316 ut
300 2254 450 2316 nimirum
474 2275 529 2317 eas
551 2256 694 2318 romanis
717 2256 887 2319 structuris
909 2267 940 2320 et
963 2256 1063 2319 ruinis
1085 2255 1353 2341 comparauerim.

212 2370 228 2420 4
335 2348 336 2353 ¹
367 2367 464 2432 quta
485 2368 574 2433 illam
596 2368 637 2433 ad
661 2370 724 2434 duo
747 2369 836 2434 milia
858 2373 953 2435 situm
974 2382 1023 2435 est
1047 2375 1150 2450 Selept
1173 2382 1332 2451 castrum,
1360 2369 1617 2456 iuxtaquodin
1641 2367 1789 2451 flumine,
1811 2391 1917 2456 aquo

244 2484 350 2570 ipsum
373 2496 514 2548 castrum
537 2484 760 2550 denominatur
776 2488 830 2562 111)
836 2534 845 2568 ,
874 2485 1060 2550 submersus
1089 2486 1209 2549 fuit-
1231 2484 1442 2572 prohdolor!
1465 2521 1506 2529 —
1539 2484 1733 2549 Fredericus
1755 2484 1916 2549 Romano-

243 2623 315 2664 rum
336 2600 528 2687 Imperator,
552 2623 624 2664 cum
647 2603 681 2664 in
704 2605 950 2688 recuperatione
972 2613 1057 2666 terre
1080 2613 1190 2666 sancte
1212 2601 1384 2666 laboraret.

210 2684 225 2799 i
258 2703 262 2713 ⁵
367 2717 506 2781 XXVII.
547 2716 627 2781 Inde
654 2718 785 2802 nauigio
812 2717 906 2782 nobis
935 2729 1109 2803 preparato
1136 2719 1171 2782 in
1195 2720 1325 2798 Cyprum
1352 2714 1585 2780 descendimus.
1630 2713 1702 2795 Qus
1730 2727 1780 2781 est
1808 2717 1917 2782 insula

210 2846 225 2896 ³
244 2855 366 2897 summe
396 2832 526 2914 fertilis,
556 2834 680 2918 optima
708 2832 830 2897 habens
857 2835 942 2898 uina.
985 2833 1056 2914 Que
1077 2832 1153 2898 licet
1180 2836 1243 2898 sita
1265 2834 1308 2896 sit
1330 2854 1432 2918 prope
1454 2829 1622 2918 cyclades,
1650 2842 1760 2896 tamen
1779 2854 1844 2897 non
1866 2843 1918 2897 est

209 2960 307 3011 tuna
337 2946 483 3029 illarum,
514 2970 576 3034 quc
604 2959 727 3012 tanturn
757 2949 840 3014 duae
861 2949 924 3013 VII
956 2951 1064 3036 potius
1078 2951 1134 3027 111)
1164 2972 1234 3014 esse
1256 2945 1525 3024 describunturb).
1567 2946 1638 3011 Hee
1659 2948 1694 3010 in
1715 2947 1916 3034 longitudine

211 3062 448 3148 tprotenditur
470 3063 512 3127 ad
535 3078 671 3150 quatuor
693 3065 807 3147 dietas,
826 3066 859 3129 in
880 3064 1051 3129 latitudine
1074 3064 1213 3151 amplius
1235 3087 1331 3152 quam
1355 3062 1510 3128 adduas.
1553 3062 1598 3127 Et
1618 3061 1717 3127 habet
1735 3064 1770 3126 in
1793 3084 1827 3126 se
1848 3061 1916 3127 alta

209 3150 405 3266 imontana.
447 3178 486 3242 In
506 3201 570 3266 qua
591 3202 672 3244 unus
698 3192 746 3244 est
768 3180 1081 3267 archiepiscopum),
1109 3194 1175 3245 tres
1204 3180 1327 3245 habens
1355 3180 1585 3265 suffraganeos.
1628 3177 1672 3242 Et
1701 3189 1777 3244 sunt
1795 3158 1915 3243 Latini.

208 3285 295 3401 gDe
318 3293 436 3380 quibus
464 3295 531 3357 suis
553 3293 634 3359 locis
657 3295 907 3381 expedieminid)
921 3298 986 3375 111).
1022 3295 1119 3360 Greci
1136 3319 1225 3377 uero,
1248 3295 1365 3383 quibus
1380 3295 1489 3360 Latini
1511 3317 1570 3380 per
1584 3304 1685 3358 totam
1699 3293 1783 3358 hano
1797 3305 1919 3358 terram

194 3435 225 3486 ιο
243 3409 466 3493 dominantur,
500 3411 654 3476 tredecim
677 3410 798 3475 habent
818 3414 1005 3500 episcopos,
1038 3434 1172 3497 quorum
1194 3435 1275 3476 unus
1303 3423 1353 3475 est
1374 3411 1647 3497 archiepiscopus.
1690 3408 1812 3475 Omnes
1833 3411 1916 3496 ipsis

194 3526 379 3600 11Francis
407 3527 581 3608 obediunt,
613 3527 766 3591 tributum
797 3538 950 3615 tanquam
985 3530 1071 3593 serui
1100 3526 1331 3614 persoluentes.
1371 3528 1423 3592 Ex
1445 3528 1517 3592 istis
1540 3528 1623 3591 scire
1645 3528 1799 3612 potestis,
1828 3524 1915 3611 quod

193 3659 224 3711 11
242 3640 364 3706 domini
388 3643 482 3708 huius
504 3658 589 3707 terre
607 3644 728 3708 Franci
751 3656 833 3719 sunt,
856 3645 972 3731 quibus
987 3644 1095 3710 Greci*
1109 3657 1141 3707 et
1156 3644 1325 3709 Hormenii
1348 3657 1382 3707 ut
1396 3643 1501 3709 coloni
1516 3641 1679 3708 obediunt.
1717 3641 1781 3722 Qui
1796 3641 1882 3707 omni
1889 3648 1915 3716 1)

155 3787 156 3791 ¹
242 3780 300 3822 sua
326 3758 538 3844 dispositione
567 3759 719 3824 informes
748 3775 780 3825 et
810 3782 954 3847 paupere
987 3761 1099 3826 habitu
1128 3759 1313 3824 incedentes
1345 3758 1519 3847 plurimum
1547 3758 1675 3823 luxurie
1709 3758 1914 3836 deseruiunt3

242 3872 327 3959 quod
348 3875 423 3938 uino
448 3873 533 3937 illius
554 3885 649 3954 terre,
672 3877 705 3938 in
728 3899 790 3961 quo
810 3877 911 3941 multa
933 3887 982 3941 est
1001 3877 1148 3957 luxuria,
1171 3875 1222 3939 uel
1246 3879 1358 3962 pocius
1381 3878 1462 3962 ipsis
1484 3874 1671 3939 bibentibus
1692 3872 1914 3959 imputabitur.

193 3984 224 4101 ᾗ
240 3988 314 4052 Hac
336 3993 437 4052 eciam
460 3988 718 4054 consideratione
739 3991 849 4056 habita
871 3992 981 4057 Uenus
1009 3995 1042 4056 in
1065 3991 1176 4077 Cypro
1208 3992 1269 4056 coli
1292 3992 1470 4057 dicebatur.
1517 3990 1611 4055 Unde
1640 4005 1672 4055 et
1696 3995 1770 4076 ipsa
1790 3989 1913 4075 'Cypria

194 4132 223 4181 15
242 4113 292 4169 est
311 4103 485 4190 appellata,
509 4103 563 4167 ubi
587 4104 719 4169 dicitur:
742 4111 870 4187 „Cypria
892 4111 983 4184 ucat)
1005 4115 1108 4169 Marte
1130 4115 1178 4168 uel
1192 4115 1291 4169 endem
1307 4112 1438 4169 uincitur
1453 4110 1545 4169 urte.“
1581 4106 1669 4171 Uina
1684 4109 1802 4171 etenim
1817 4106 1913 4170 huius
1997 4166 2000 4171 .

241 4219 345 4285 insule
367 4219 448 4285 adeo
471 4222 578 4305 spissa
600 4231 632 4284 et
654 4223 787 4307 pinguia
809 4233 891 4304 sunt,
914 4222 1166 4308 utaliquando,
1189 4247 1262 4287 curn
1286 4223 1327 4288 ad
1351 4224 1412 4288 hoc
1434 4223 1674 4309 decoquuntur,
1698 4244 1786 4288 more
1808 4221 1913 4286 mellis
1991 4211 1993 4216 ’

192 4353 223 4404 16
241 4359 315 4401 cum
336 4358 420 4421 pane
441 4334 658 4400 comedantur.
690 4337 761 4401 Hec
781 4341 882 4402 eciam
903 4337 1009 4403 insula
1031 4339 1148 4404 multos
1170 4340 1257 4404 fouet
1280 4341 1446 4405 siluestres
1469 4339 1577 4402 asiuos
1601 4350 1634 4401 et
1647 4340 1776 4416 arietes,
1799 4359 1913 4403 cerum

192 4466 222 4515 17
241 4464 273 4517 et
292 4451 421 4533 damas3
443 4474 537 4515 ursos
560 4463 591 4514 et
611 4450 721 4516 leones
745 4453 794 4516 uel
816 4454 943 4541 luposss)
964 4455 1015 4518 uel
1037 4453 1146 4539 aliqua
1168 4458 1200 4518 in
1223 4479 1257 4519 se
1280 4457 1396 4521 nociua
1418 4454 1570 4519 animalia
1592 4477 1655 4518 non
1675 4455 1806 4520 habens.
1844 4453 1909 4534 Qui

241 4580 347 4633 autem
370 4568 496 4655 plenius
520 4566 559 4630 de
582 4567 642 4630 hac
664 4580 751 4631 terra
772 4571 853 4633 scire
875 4569 1021 4650 uoluerit,
1044 4569 1180 4655 qualiter
1203 4573 1308 4657 primo
1329 4573 1416 4635 facta
1437 4571 1532 4634 tuerit
1555 4569 1758 4651 habitabilis,
1780 4579 1812 4633 et
1830 4592 1908 4656 quo·

307 4718 334 4788 a)
352 4718 526 4771 inueniuntur
544 4716 627 4770 Bau.
648 4718 832 4771 invenirentur
847 4735 861 4771 6
879 4718 1039 4771 coniectura
1058 4719 1223 4788 scripsimus.
1237 4750 1268 4757 —
1287 4719 1315 4784 b)
1332 4737 1401 4788 quae
1418 4727 1520 4772 tuntum
1540 4720 1611 4772 dnae
1626 4719 1685 4771 VII
1694 4721 1790 4790 potius
1800 4720 1912 4772 6666116-

374 4802 528 4854 animatur
545 4801 576 4856 B.
603 4802 668 4867 qrsia
690 4809 790 4871 septem
815 4819 869 4856 ease
893 4803 1082 4855 aninumr
1099 4801 1148 4854 Ed.
1170 4819 1209 4869 pr.
1234 4832 1264 4840 -
1294 4807 1319 4872 c)
1338 4805 1512 4873 episcopatus
1531 4803 1560 4856 B.
1588 4804 1841 4872 archiepiscopatu
1859 4801 1911 4854 nd.

375 4886 606 4955 archiepiscopus
624 4901 639 4938 e
655 4886 814 4939 coniectura
830 4885 959 4939 dedimus.
980 4917 1010 4925 —
1029 4887 1057 4949 d)
1077 4886 1249 4956 aspernemur
1266 4884 1289 4936 B
1302 4885 1352 4939 Ed.
1379 4886 1432 4940 Sed
1451 4886 1485 4942 cf.
1504 4886 1540 4940 II.
1560 4891 1582 4942 2.
1602 4893 1624 4941 1.
1645 4917 1675 4925 -
1696 4892 1722 4947 6)
1734 4885 1909 4940 611111666-

375 4967 401 5034 1)
422 4967 521 5039 Cyprea
538 4986 569 5021 co
588 4967 680 5020 Marte
698 4967 782 5020 BEd.
823 4969 903 5034 Quod
920 4970 1080 5023 coniectura
1098 4967 1309 5023 emendavimus.
1330 4999 1359 5008 -
1378 4976 1407 5038 g)
1428 4971 1493 5024 Voc.
1512 4970 1653 5041 adlapsa
1670 4987 1721 5024 om.
1742 4970 1791 5024 Ed.

303 5127 370 5194 164)
396 5123 516 5198 Ttilarn]
538 5121 636 5180 Locus
657 5122 781 5199 ignotus.
1161 5126 1229 5194 168)
1251 5124 1465 5199 denominatur]
1493 5144 1511 5182 a
1537 5124 1683 5184 veteribus
1711 5120 1911 5204 Calycadnus,

306 5223 374 5295 165)
393 5232 512 5279 montem
545 5223 580 5279 de
608 5221 770 5297 assentarie]
798 5221 951 5300 Nusquam
978 5239 1054 5279 com·
1095 5221 1242 5281 aTurcis
1260 5220 1327 5281 Gsk
1351 5221 1392 5281 Su
1413 5223 1584 5282 nominatur.

239 5328 423 5380 memoratur.
1161 5326 1230 5394 169)
1253 5341 1306 5398 que
1329 5355 1369 5364 —
1387 5322 1498 5399 potins]
1533 5323 1630 5382 Locus
1660 5332 1830 5402 corruptus,
1858 5320 1912 5381 sed

305 5420 373 5492 166)
400 5429 426 5476 et
452 5436 543 5493 saper
568 5418 607 5494 se]
636 5429 666 5479 et
692 5436 780 5498 super
806 5439 871 5479 sam
899 5421 1053 5492 (mensam)
1096 5418 1650 5499 6666111161666111651.6116161161.
1673 5443 1701 5501 p.
1725 5424 1772 5482 46.

239 5537 298 5577 non
321 5518 414 5576 solum
433 5517 463 5575 in
485 5518 502 5578 i.
525 5537 549 5578 e.
571 5519 647 5577 intra
667 5536 741 5578 eam.
1161 5522 1230 5591 170)
1252 5519 1453 5594 expedientur]
1485 5520 1531 5580 De
1552 5520 1677 5593 LatInis,
1704 5518 1783 5600 quod
1805 5519 1910 5592 seiam,

304 5621 372 5690 167)
399 5615 484 5690 Oura]
506 5625 565 5676 ant.
588 5615 726 5695 Corycus,
746 5635 803 5676 rec.
825 5615 941 5676 Kurlru.
1095 5641 1151 5678 non
1174 5616 1353 5695 expedimur.
