4214 6096
966 353 1020 414 141

158 533 199 599 de
219 542 344 619 septem
366 530 615 613 dormientibus,
644 539 678 596 et
702 532 766 596 ista
784 530 916 617 scripsit
939 530 974 593 in
1001 525 1161 592 alcorano.
1204 524 1271 591 Sed
1297 528 1454 612 magister
1480 526 1584 612 ipsius
1604 526 1708 591 maior
1729 525 1825 592 credo
1843 542 1872 593 31

157 647 244 736 quod
263 647 325 713 fint
346 645 514 733 dyabolus.

577 844 735 912 XXXVI.
777 842 1011 910 MIRAOULA
1033 837 1404 908 SARRACENORUM.

281 992 455 1059 Sciendum
482 1001 607 1073 autem,
636 992 723 1079 quod
745 991 918 1057 Sarraccni
946 992 1127 1073 affimant,
1159 988 1245 1075 quod
1271 987 1363 1052 multi
1393 1009 1503 1053 corum
1531 987 1652 1052 habent
1679 989 1858 1076 spiritum!

161 1110 348 1198 prophecie.
391 1109 436 1173 Et
458 1108 596 1194 quedam
619 1129 698 1172 vera
723 1107 762 1171 de
785 1109 901 1173 futuris
922 1108 1033 1172 dicunt
1054 1117 1085 1172 et
1106 1105 1206 1171 multa
1226 1104 1318 1168 falsa.
1354 1103 1477 1168 Dicunt
1495 1104 1606 1184 eciam,
1629 1103 1715 1188 quod
1728 1117 1861 1193 vsque2

157 1224 255 1292 hodie
275 1227 388 1312 vigent
408 1224 574 1304 miracula,
598 1223 655 1287 scd
677 1225 789 1309 pocius
811 1234 885 1288 sunt
907 1223 1045 1311 quedam
1065 1222 1224 1309 prestigia
1245 1230 1276 1284 ot
1297 1206 1390 1305 signa
1410 1218 1670 1283 mendacissima.

280 1339 413 1406 Habent
441 1341 543 1406 eciam
566 1338 723 1426 quosdam
744 1339 914 1424 religiosos
946 1341 980 1403 in
1002 1338 1168 1403 Thurchia
1189 1347 1220 1401 et
1240 1334 1393 1418 Perside,
1418 1334 1475 1398 vbi
1507 1345 1556 1398 est
1575 1337 1753 1398 maximum
1774 1335 1861 1402 fri-3

155 1477 236 1541 gns,
258 1466 291 1521 et
310 1456 358 1521 ibi
380 1456 472 1520 multi
492 1456 672 1520 moriuntur
694 1455 817 1541 frigore
838 1456 940 1519 eciam
963 1476 1035 1518 cum
1056 1452 1164 1517 multis
1186 1451 1341 1519 vestibus.
1386 1451 1451 1530 Qui
1473 1450 1618 1536 religiosi
1636 1450 1761 1514 vadunt
1781 1460 1861 1520 tot

47 1654 52 1661 Ι
154 1569 265 1636 taliter
290 1571 384 1652 nudi3
414 1581 539 1656 ungunt
565 1594 599 1635 se
623 1582 732 1635 tamen
762 1569 901 1658 quodam
931 1569 1017 1652 oleo,
1048 1568 1134 1656 quod
1162 1568 1248 1633 valet
1275 1566 1409 1631 multum
1437 1575 1548 1632 contra
1567 1568 1679 1653 frigus.
1722 1565 1766 1630 Et
1787 1590 1861 1638 exa

156 1685 389 1753 consuetudine
410 1688 513 1751 eciam
533 1709 597 1750 non
620 1689 734 1751 timent
753 1687 865 1771 frigus.

280 1801 414 1867 Habent
435 1804 538 1866 eciam
559 1804 592 1865 in
614 1802 758 1867 Baldaco
781 1801 938 1888 quosdam
958 1800 1040 1865 alios
1070 1799 1257 1885 religiosos,
1287 1799 1370 1863 filios
1394 1798 1608 1886 perdicionis,
1639 1800 1693 1885 qui
1715 1798 1863 1884 despe·6

156 1928 266 1985 rantes
297 1919 488 2004 semetipsos
515 1919 722 2003 extinguunt,
756 1920 863 2003 ignem
899 1939 1050 2001 magnum
1078 1915 1239 1981 calcantes
1275 1939 1344 1979 cum
1374 1914 1510 2000 pedibus
1541 1913 1757 1996 discalciatis,
1793 1925 1861 1978 vtt

157 2034 302 2100 homines
325 2034 531 2097 admirentur.
573 2033 617 2097 Et
645 2036 748 2097 eciam
770 2055 879 2097 coram
899 2031 1084 2097 hominibus
1107 2031 1280 2097 comedunt
1310 2031 1498 2116 scorpiones
1521 2039 1552 2094 et
1572 2039 1738 2115 serpentes
1761 2051 1826 2095 non
1846 2043 1861 2094 8

159 2151 260 2217 solum
289 2150 421 2231 crudos,
452 2147 509 2212 scd
531 2150 633 2212 eciam
655 2148 773 2213 crudos
794 2150 895 2214 viuos.
938 2146 1003 2212 Sed
1025 2149 1152 2232 signum
1173 2146 1303 2232 aliquod
1326 2146 1421 2228 vtile,
1457 2156 1536 2232 puta
1557 2145 1828 2210 deliberacionem

158 2266 276 2333 inferni
297 2265 349 2330 vel
371 2263 494 2351 aliquid
516 2263 596 2347 tale,
630 2264 716 2329 nullo
738 2264 835 2329 modo
866 2273 1002 2350 possunt
1021 2264 1146 2345 facere,
1182 2263 1238 2327 sed
1260 2262 1330 2327 sola
1357 2262 1547 2326 Antichristi
1578 2263 1671 2345 signa
1698 2271 1735 2324 vt
1757 2283 1829 2347 pre-

160 2404 308 2448 cursorcs
329 2380 522 2445 Antichristi
542 2381 674 2445 faciunt.
718 2379 903 2445 Notandum
926 2386 1042 2460 autem,
1066 2377 1152 2466 quod
1173 2378 1249 2443 licet
1270 2378 1494 2443 Machometus
1515 2398 1578 2441 non
1602 2375 1772 2461 propheta,
1793 2387 1830 2440 vt
1848 2389 1864 2439 9

160 2498 271 2563 dicunt
292 2496 474 2579 sarraceni,
496 2495 577 2560 duas
599 2506 706 2560 tamen
732 2495 925 2582 propheciae
948 2495 1071 2559 dimisit
1093 2494 1294 2577 sarracenis,
1318 2518 1397 2582 quas
1421 2492 1517 2557 credo
1540 2513 1610 2555 esse
1633 2492 1712 2555 satis
1734 2514 1829 2555 veras

160 2624 193 2679 et
218 2614 443 2679 conuenientes
464 2612 584 2698 populo
608 2610 871 2677 sarracenorum.
913 2610 987 2675 Vna
1014 2620 1063 2675 est
1082 2612 1159 2698 quia
1180 2610 1265 2674 dixit
1285 2613 1344 2674 eis:
1375 2611 1475 2693 „Post
1503 2630 1554 2671 me
1585 2606 1775 2672 diuidemini
1796 2608 1830 2672 in
1851 2620 1881 2670 10

159 2728 305 2795 LXXIII
330 2738 434 2792 sectas
465 2729 533 2792 siue
556 2728 748 2809 diuisiones,
776 2751 817 2792 ex
840 2726 956 2814 quibus
986 2749 1051 2790 vna
1071 2736 1196 2790 tantum
1218 2725 1416 2805 saluabitur,
1445 2734 1548 2789 totum
1566 2746 1645 2787 vero
1665 2723 1829 2787 residuum

159 2847 228 2932 igni
249 2842 488 2930 deputabitur.“
521 2843 616 2908 Vnde
639 2866 710 2908 cum
731 2845 795 2931 ipsi
816 2853 890 2907 sunt
910 2842 1007 2906 diuisi
1028 2845 1062 2905 in
1083 2841 1202 2906 multas
1225 2852 1340 2924 sectae,
1363 2841 1498 2928 quilibet
1514 2840 1594 2903 dicit
1610 2839 1650 2903 de
1667 2860 1713 2903 se:
1736 2838 1829 2923 „Ego
1849 2853 1877 2903 tt

161 2983 231 3025 sum
261 2958 334 3040 illa,
365 2980 426 3044 que
455 2957 666 3023 saluabitur.“
708 2959 784 3023 Alia
810 2980 888 3022 vero
911 2956 1090 3045 prophecia
1112 2968 1178 3039 est,
1209 2979 1307 3043 quam
1335 2957 1432 3022 credo
1455 2956 1562 3021 adhuc
1583 2956 1688 3040 magis
1708 2976 1830 3019 veram.
1849 2965 1879 3015 12

160 3076 246 3141 Nam
266 3076 338 3159 ipse
359 3073 444 3138 dixit
465 3074 654 3140 Sarracenis
675 3075 823 3141 omnibus
845 3076 879 3137 in
901 3073 1070 3138 alcorano:
1100 3072 1234 3156 „Nullus
1256 3082 1401 3138 vestrum
1423 3083 1481 3155 cst,
1502 3073 1558 3159 qui
1579 3093 1644 3136 non
1664 3068 1765 3134 vadat
1786 3069 1829 3134 ad
1849 3080 1880 3132 13

160 3193 269 3278 ignem
290 3189 437 3254 inferni.“
479 3189 575 3270 Quod
597 3193 643 3255 eis
665 3191 834 3278 prestabit,
857 3192 911 3277 qui
932 3191 1016 3254 viuit
1037 3201 1069 3254 et
1090 3200 1206 3274 regnat
1227 3192 1261 3253 in
1286 3189 1394 3254 secula
1415 3189 1602 3254 seculorum.
1850 3193 1880 3244 ¹4

287 3308 421 3384 Explicit
442 3309 514 3368 liber
529 3311 785 3388 percqriaucionia
800 3313 918 3383 fratris
939 3307 1141 3383 Ricouti²¹³)‚
1163 3309 1276 3367 ordinis
1295 3310 1524 3384 predicatorum.

224 3510 297 3581 213)
318 3507 473 3586 Inscriptio
493 3508 715 3590 etsubscriptio
736 3508 979 3567 habentRicbol-
1019 3507 1129 3566 latione
1151 3506 1170 3584 ξ
1196 3513 1208 3567 l
1232 3508 1374 3567 Ricouua
1396 3507 1533 3588 praebet,
1561 3505 1640 3586 quod
1666 3503 1832 3585 praeferen-

164 3608 237 3683 dus,
259 3614 431 3680 contextus,
461 3626 547 3685 quem
575 3606 690 3681 dicunt,
717 3608 873 3669 verb01um
895 3625 978 3686 prae·
1020 3606 1089 3666 dum
1111 3605 1254 3666 duximus.
