4214 6096
948 376 1007 441 189

136 554 222 643 puli)
236 559 358 637 pariter
380 558 412 617 in
433 561 530 619 codem
549 561 624 620 loco.
665 560 706 619 Et
719 564 832 633 suctur-
851 566 894 617 ert
916 567 1037 635 repente
1058 561 1094 618 dc
1115 561 1175 618 ceto
1196 577 1292 618 sunm.
1315 587 1354 601 -
1376 550 1448 618 11111
1469 553 1572 618 1111111
1592 551 1716 631 aliud⁸)
1735 551 1816 619 felix
1836 575 1867 628 11

137 682 173 738 et
190 669 435 739 immaculatum
455 679 660 757 compactum
683 692 802 759 eorpus
823 669 920 736 111111
939 671 1078 756 uirginis
1096 668 1204 735 Maria
1225 669 1288 734 fuit
1306 667 1501 752 resolutum,
1529 668 1587 735 ubi
1608 670 1678 735 eius
1697 667 1818 735 felicis·

142 787 227 855 sima
248 797 281 852 11
300 784 399 852 beata
419 787 529 852 anima
550 808 571 851 a
590 801 728 872 corpore
750 788 907 874 expirans
926 788 1036 873 ipsum
1056 783 1099 850 ad
1121 794 1248 872 tempus
1270 783 1450 872 dereliquit.
1483 783 1580 866 Quod
1601 784 1818 873 postmodum,
1836 810 1866 862 ῃ

137 904 225 969 sicut
246 901 414 988 capram)
435 903 537 987 tetigi,
559 903 593 968 in
612 901 698 967 ualle
718 902 874 989 Iosaphat
893 910 1097 988 assumptum
1118 901 1187 965 fuit

264 1017 308 1082 X.
348 1017 430 1083 Inde
456 1019 604 1083 uenimus
625 1023 811 1081 Bcthcmam.
855 1017 952 1099 Quod
981 1026 1032 1083 est
1052 1015 1218 1082 cas-tellum
1241 1038 1390 1104 paruum,
1412 1016 1494 1082 duas
1515 1016 1640 1083 habens
1662 1003 1850 1120 ecclesias}

139 1135 175 1201 in
196 1155 242 1217 so,
262 1156 283 1199 a
304 1132 496 1200 Sarracenis
516 1132 726 1217 obseruatas3
746 1156 855 1216 unam,
875 1135 910 1199 in
930 1155 994 1221 qua
1014 1131 1188 1218 aliquando
1210 1143 1282 1198 orat
1301 1131 1417 1198 domus
1439 1131 1582 1198 Simonis
1604 1133 1735 1222 leprosi.
1778 1133 1850 1205 Ina

137 1248 197 1318 illa
216 1248 359 1317 uidimus
378 1247 503 1331 locum,
533 1248 589 1314 ubi
610 1248 718 1315 Maria
738 1247 954 1335 Magdalena,
982 1247 1168 1336 exemplum
1191 1249 1390 1334 penitencie,
1417 1245 1608 1334 amplexata
1628 1249 1729 1336 pedes
1748 1249 1816 1316 Do·

139 1367 219 1432 mini
238 1366 383 1453 graciam
405 1365 547 1451 quesiuit
568 1375 600 1429 et
622 1364 769 1436 obtinuit.
811 1363 969 1447 Alteram,
991 1366 1110 1452 inqua
1131 1374 1202 1430 erat
1223 1362 1439 1429 ortusMsrie
1460 1373 1492 1428 ct
1513 1364 1653 1432 Martha.
1694 1365 1734 1431 In
1753 1357 1851 1474 quag

139 1481 281 1548 uidimus
301 1479 621 1564 monumentum²⁴⁹),
643 1501 665 1544 a
685 1502 748 1567 quo
768 1479 930 1545 Dominus
955 1480 1163 1546 resuscitauit
1176 1478 1348 1544 Lazarum.
1384 1477 1450 1545 Iste
1465 1479 1601 1546 ecclesie
1617 1480 1699 1549 adeo
1713 1482 1852 1556 uicineo

141 1608 224 1681 sunt,
246 1608 283 1662 ut
305 1594 481 1661 secundum
503 1616 610 1660 meam
632 1597 819 1682 opinionem
841 1594 989 1661 Lazarus
1009 1597 1044 1661 in
1066 1606 1137 1662 orto
1156 1594 1209 1661 uel
1231 1597 1323 1662 curia
1345 1593 1486 1661 Simonis
1507 1596 1608 1663 fucrit
1630 1597 1784 1685 sepultus.

264 1712 336 1778 Hec
358 1722 408 1778 eet
428 1710 484 1775 illa
502 1711 679 1794 Bethania,
707 1710 748 1776 de
768 1733 833 1800 qua
853 1711 1083 1785 Iohannes²⁶⁰l
1106 1713 1170 1777 ait:
1200 1717 1281 1775 Frct
1308 1716 1429 1793 qnidam
1449 1717 1606 1792 lunpaem,
1639 1717 1778 1784 Lazarus
1799 1737 1851 1790 a7

142 1833 308 1906 Bethania,
329 1835 365 1891 dc
393 1831 514 1890 castello
537 1833 638 1890 Maric
658 1838 686 1890 ct
707 1832 840 1910 Marthc,
863 1835 976 1891 sororis
997 1831 1067 1893 cius.
1108 1827 1152 1893 Et
1175 1826 1216 1894 de
1237 1831 1301 1893 ista
1320 1827 1367 1892 ait
1385 1825 1601 1907 Marcus²⁶¹):
1627 1808 1701 1893 Cum
1723 1842 1853 1908 autcmg

143 1949 273 2009 oscetin
298 1947 459 2022 Bethania,
480 1947 512 2006 in
533 1949 616 2007 domo
636 1947 764 2007 Simonis
786 1947 906 2026 leprosi,
929 1947 1055 2007 acceccit
1075 1949 1118 2006 ad
1137 1967 1199 2006 eum
1219 1948 1324 2006 mulier
1342 1951 1510 2024 peccatrix.
1553 1944 1629 2011 Hoc
1649 1945 1852 2024 castellumo

140 2061 243 2128 distat
268 2083 290 2126 a
308 2058 513 2125 Hierusalem
541 2059 668 2124 miliare
696 2058 860 2145 gallicum.
911 2057 1009 2140 Quod
1034 2065 1172 2124 testatur
1201 2059 1362 2125 lohannes
1390 2059 1661 2145 euangelista²⁶²)
1690 2060 1816 2126 dicens:
1837 2086 1868 2137 1⁰

142 2183 224 2241 Erat
244 2189 340 2240 autem
360 2180 512 2238 Bethania
533 2180 619 2238 iuxta
640 2181 852 2255 lerosolymam
872 2178 959 2256 quari
979 2179 1085 2239 stadiis
1106 2179 1278 2256 quindecim.

232 2316 234 2321 ’
266 2291 324 2358 XI
365 2290 446 2356 Inde
465 2300 670 2356 transeuntes
691 2288 780 2356 uiam
801 2289 966 2356 difficilem
989 2302 1021 2357 et
1040 2291 1259 2381 periculosam
1281 2290 1430 2356 uenimus
1451 2293 1675 2373 Hierichoffi).
1720 2274 1851 2393 Quod}

142 2419 194 2475 est
214 2406 379 2474 castellum
401 2429 551 2496 paruum,
573 2405 755 2472 destructos
775 2405 899 2472 habens
921 2429 1042 2491 muros,
1063 2429 1084 2472 a
1099 2406 1289 2473 Sarracenis
1310 2405 1536 2491 inhabitatum,
1559 2410 1653 2475 cuius
1671 2409 1817 2474 meminit

141 2524 318 2606 Dominus,
348 2522 406 2590 ubi
428 2523 512 2590 dixit
532 2523 566 2587 in
586 2521 828 2610 parabola²⁵⁴):
855 2528 951 2586 Homo
978 2528 1098 2606 quidam
1120 2527 1311 2589 descendebat
1336 2526 1373 2585 ah
1393 2527 1584 2587 Hierusalem
1613 2529 1645 2588 in
1665 2498 1818 2604 Hiericho,

142 2641 171 2705 e't
191 2644 296 2705 incidit
316 2644 348 2703 in
368 2645 510 2707 tatrones.
552 2640 598 2705 Et
617 2661 695 2704 uere
716 2639 791 2725 ipsa
813 2640 869 2704 uia
889 2638 986 2705 hodie
1009 2639 1194 2729 periculosa
1215 2650 1273 2722 est,
1294 2639 1411 2705 multos
1431 2639 1556 2705 habens
1579 2639 1731 2706 latrones.
1763 2619 1851 2738 De}

142 2756 205 2822 hac
227 2758 330 2822 eciam
350 2755 459 2820 Lucos
471 2755 529 2835 ²⁶³)
550 2757 613 2821 ait:
634 2759 760 2818 Factum
780 2766 824 2817 cst
844 2768 956 2831 auum,
976 2781 1040 2820 oum
1060 2764 1319 2837 appropinquaret
1340 2761 1425 2819 Iesus
1448 2760 1609 2834 Hiericho,
1633 2780 1717 2819 cecus
1737 2761 1817 2819 sede-

143 2876 194 2967 111
213 2895 296 2936 cecus
317 2876 397 2935 uiam
417 2876 594 2936 mendicans.
637 2871 681 2936 Et
702 2871 736 2934 in
758 2870 992 2950 Canticis²⁶⁶):
1023 2876 1121 2942 Quasi
1138 2877 1244 2952 palma
1266 2878 1402 2935 exaltata
1423 2896 1486 2935 sum
1508 2877 1539 2935 in
1564 2874 1661 2935 Gades
1684 2884 1710 2934 ct
1732 2874 1851 2952 quaeis

138 2992 291 3070 plantatio
320 3011 387 3051 rosc
418 2992 449 3050 in
467 2993 619 3053 Hiericho.
662 2988 760 3052 quta
791 2963 893 3052 eciam
921 2989 1016 3053 istam
1047 2989 1116 3070 uir,
1145 2988 1275 3053 nomine
1297 2987 1460 3067 Zacheus,
1488 2987 1681 3053 desiderans
1707 2986 1852 3053 uideret

142 3104 249 3169 Iesum
272 3102 419 3169 ascendit
439 3107 473 3168 in
496 3101 645 3168 arborem
670 3125 873 3190 sycomorum
887 3104 953 3183 ²⁶⁷).
995 3104 1108 3170 Distat
1123 3103 1279 3170 Hiericho
1301 3126 1322 3168 a
1342 3103 1482 3170 Iordane
1504 3104 1568 3170 duo
1591 3127 1698 3192 parua
1718 3103 1818 3186 milia,
1836 3123 1850 3175 r

143 3218 186 3284 ab
206 3217 413 3285 Hierusalem
434 3219 499 3284 XV
521 3219 612 3284 milia
631 3217 802 3305 gallicana

266 3335 340 3401 XII.
381 3334 426 3400 Et
453 3337 529 3400 hinc
556 3333 721 3422 paululum
748 3335 958 3422 procedentes
987 3359 1046 3425 per
1073 3335 1191 3402 uallem
1218 3335 1349 3423 planam
1384 3346 1416 3401 11
1436 3358 1584 3401 amanam
1607 3335 1754 3399 uenimus
1776 3331 1848 3398 1111

142 3455 310 3527 Iordanem,
329 3454 383 3538 qui
405 3461 454 3516 est
475 3450 592 3526 fluuius
614 3449 789 3516 admodum
813 3450 897 3516 altus
919 3462 951 3517 et
973 3451 1101 3519 uelooes
1128 3452 1252 3518 habens
1281 3474 1394 3539 aquas.
1437 3452 1489 3517 De
1511 3473 1574 3537 quo
1597 3448 1818 3525 Mothous²³n

143 3568 204 3631 ait:
237 3571 324 3631 Uenit
345 3573 430 3631 Iesus
461 3592 482 3630 a
505 3570 626 3631 (iutilca
652 3571 683 3629 in
705 3572 866 3631 Iordanem
895 3573 937 3630 ad
956 3573 1134 3644 Iohannem,
1161 3581 1193 3631 ut
1220 3571 1426 3650 baptizaretur
1452 3573 1488 3630 ab
1516 3592 1557 3632 eo.
1605 3568 1703 3634 Circa
1723 3546 1852 3665 quem}

142 3681 248 3748 locum
269 3693 341 3748 erat
361 3682 499 3769 quedam
520 3682 658 3748 ecclesia
679 3682 847 3766 edificata,
870 3707 932 3771 que
953 3707 1039 3748 nunc
1058 3685 1213 3771 temporis
1234 3685 1302 3750 fere
1323 3694 1393 3750 tota
1414 3695 1464 3749 est
1485 3683 1668 3766 destructa,
1690 3680 1762 3764 ubi,
1783 3689 1819 3745 ut

144 3797 264 3882 dicunt,
287 3799 359 3885 ipse
381 3799 543 3865 Iohannes
565 3798 711 3886 baptista
729 3798 913 3886 baptizauit
932 3799 1094 3887 baptismo
1116 3801 1306 3888 penitencie.
1352 3801 1405 3866 De
1426 3801 1522 3881 istob)
1544 3801 1650 3865 eciam
1671 3799 1717 3863 ait
1736 3795 1852 3862 libert

143 3912 351 4000 Regum²⁶⁰):
374 3920 533 3977 Descendit
554 3915 728 3991 (Naaman,
747 3918 901 4003 princepe
920 3915 1051 3993 milicie)
1074 3928 1102 3979 ct
1122 3920 1198 3979 lauit
1220 3921 1251 3979 in
1272 3923 1404 3980 iordane
1424 3923 1540 3997 septica,
1562 3931 1589 3978 et
1616 3919 1755 3978 restituta
1776 3923 1819 3976 cst

142 4051 214 4091 caro
233 4034 296 4092 etur
320 4035 396 4093 ricut
418 4053 491 4092 caro
511 4035 600 4110 pueri
616 4034 751 4110 paruuli.
794 4029 898 4116 Igitur
920 4041 952 4097 et
972 4053 1032 4097 nos
1054 4053 1185 4097 carnem
1206 4033 1372 4098 interioris
1394 4034 1498 4098 nostri
1519 4031 1663 4098 hominis
1692 4028 1852 4096 restituit

142 4154 174 4209 et
203 4145 353 4210 mundari
381 4157 549 4233 sperantes
581 4145 806 4212 descendimus
833 4157 865 4213 11
894 4146 1087 4212 lauabamur
1117 4148 1151 4212 in
1180 4148 1295 4214 eodem
1317 4148 1477 4232 Iordane,
1509 4149 1566 4215 sed
1595 4148 1664 4235 ipsi
1691 4143 1819 4210 Arabm

142 4259 237 4326 nobis
265 4260 436 4327 illudentes
463 4262 614 4328 balneum
643 4275 676 4328 et
702 4264 809 4350 ipsum
841 4262 975 4328 fluuium
1010 4262 1102 4328 multi
1129 4263 1188 4329 luti
1218 4267 1392 4330 iniectione
1419 4264 1643 4331 turbauerunt
1694 4257 1853 4329 Arabiae

142 4378 227 4441 enim
247 4376 314 4442 illic
333 4399 435 4462 usque
457 4378 499 4443 ad
518 4378 692 4444 Iordanem
714 4378 928 4465 protenditur.
971 4378 1016 4443 llt
1038 4381 1170 4464 scitote,
1195 4382 1273 4468 quia
1293 4403 1358 4446 non
1380 4380 1476 4468 longe
1498 4382 1541 4447 ab
1563 4403 1601 4447 eo
1626 4379 1697 4443 loco
1720 4377 1851 4441 instato

142 4492 215 4579 ipse
235 4493 394 4558 Iordanis.

264 4609 356 4674 XIII.
403 4609 484 4674 Inde
517 4613 664 4676 uenimus
705 4609 747 4674 ad
782 4609 945 4697 quoddam
979 4620 1129 4698 stagnum
1161 4613 1390 4679 fetidissimum
1423 4611 1591 4678 infernalis
1628 4605 1819 4696 nigredinis,
1840 4623 1850 4672 1

208 4791 235 4861 a)
252 4789 333 4844 Illud
347 4792 430 4845 etiam
447 4791 528 4847 aliud
545 4790 610 4846 felix
628 4790 659 4846 B.
694 4791 763 4846 Illic
779 4792 861 4845 etiam
878 4791 961 4846 aliud
976 4791 1026 4846 Ed.
1044 4823 1078 4832 -
1094 4792 1122 4862 1))
1140 4792 1234 4848 Verba
1251 4795 1297 4848 De
1314 4795 1367 4849 isto
1384 4824 1416 4834 -
1435 4794 1538 4848 milicie
1554 4808 1608 4848 om.
1627 4788 1661 4843 B.

205 4964 277 5036 218)
296 4962 402 5038 supra]
423 4982 447 5023 1.
471 4961 556 5035 VIII,
580 4965 606 5023 3.
1066 4967 1138 5038 254)
1160 4966 1191 5024 in
1209 4965 1370 5042 parabola]
1392 4965 1465 5025 Luc.
1487 4963 1528 5036 X,
1550 4966 1598 5024 30.

204 5065 275 5134 249)
297 5060 516 5136 monumentum]
549 5060 597 5121 De
631 5060 760 5120 Lanario
791 5081 818 5121 v.
849 5060 963 5121 'Iobler
1065 5091 1138 5162 255)
1159 5087 1269 5163 Lm„
1291 5086 1402 5147 xpm
1434 5093 1482 5149 35·

141 5158 337 5239 Topogr.11.
361 5164 430 5222 161.
1403 5131 1410 5160 ’

203 5258 275 5331 250)
297 5256 456 5334 Iohannes]
477 5256 534 5331 XI,
558 5263 583 5317 1.

203 5359 275 5431 2111)
297 5355 433 5432 Marcus]
449 5355 536 5430 XIV,
551 5361 578 5418 3.
611 5353 672 5416 Sed
685 5355 721 5417 oi.
734 5355 807 5415 Luc.
824 5354 896 5430 VII,
911 5360 961 5418 37.

1066 5214 1138 5286 256)
1171 5211 1203 5269 in
1237 5208 1378 5285 canticis]
1415 5210 1510 5269 Immo
1547 5227 1595 5289 sp.
1629 5207 1729 5269 Iesum
1767 5204 1822 5268 Sir.

1000 5308 1120 5383 XXIV,
1144 5313 1188 5372 18.

204 5458 276 5531 212)
296 5457 447 5515 lohannes
469 5453 661 5532 euanpelista]
683 5453 740 5528 XI,
764 5457 811 5516 18.
1063 5421 1344 5501 2571111001101111111
1366 5422 1440 5484 1⁴⁰⁰·
1460 5421 1550 5498 XIX,
1569 5428 1597 5486 2·

202 5556 275 5627 253)
296 5553 448 5630 Hiericho]
485 5553 522 5613 V.
550 5552 664 5614 'I'obler
690 5550 723 5614 O.
750 5551 798 5611 XI
827 5551 959 5633 Topogr.
1065 5535 1388 5614 2«’)81Μ(111111181ῙῙΙ,
1413 5543 1459 5602 13.

139 5652 181 5714 Il.
202 5656 373 5714 sca-eoa.
1063 5655 1135 5725 259)
1156 5654 1229 5712 liber
1249 5653 1372 5731 Repum]
1393 5653 1467 5714 alter
1488 5674 1511 5715 1.
1535 5652 1572 5715 V.
1597 5661 1642 5716 14.
