4214 6096
1014 405 1054 466 67

193 577 333 643 Fontem
354 600 433 642 nero
456 599 614 665 aquarum
637 577 808 661 (tienne,
829 580 884 664 qui
903 602 969 645 non
991 578 1135 645 distabat
1158 581 1200 645 ab
1222 604 1302 668 agro
1323 582 1537 663 fullonis4'05),
1567 582 1660 647 duxit
1682 585 1714 647 in
1735 589 1868 663 superio

196 716 258 755 rem
275 695 514 773 piscimam),
542 717 603 781 que
624 704 673 758 est
695 717 793 780 super
814 696 977 760 natatoria
998 694 1093 760 Siloa.
1136 695 1232 761 Hanc
1252 697 1364 761 Aclraz
1387 699 1568 785 inceperat,
1603 697 1660 763 sed
1681 721 1745 763 non
1765 701 1866 785 perfe-

194 817 293 872 cerat.
336 809 389 874 De
415 809 479 899 hac
505 810 631 895 piscina
660 820 692 874 et
719 809 759 874 de
787 810 847 876 hoe
874 812 963 876 fonte
991 811 1112 877 dictum
1138 823 1187 877 est
1205 812 1286 876 illud
1306 812 1489 887 Ysaie⁴⁵b=
1518 820 1687 894 „Eprcderc
1709 821 1751 877 aa
1771 828 1868 877 eatre-

193 946 271 985 mnm
302 931 486 1006 aqaeductus
514 929 679 1005 superioris
701 930 818 1006 piscine
850 932 882 989 in
915 931 966 989 cia
991 932 1062 1007 apri
1073 932 1231 1007 fullonis.“
1273 927 1335 993 Est
1357 930 1441 993 enim
1464 931 1527 994 ista
1547 931 1673 1016 piscina
1697 941 1728 994 et
1750 930 1868 995 dicitur

195 1040 346 1126 superior
366 1051 516 1128 respectu
537 1043 732 1108 natatatorie
753 1042 855 1125 Silae,
883 1044 959 1128 quia
981 1044 1054 1128 ipsa
1074 1045 1238 1109 natatoria
1259 1042 1346 1108 Silae
1367 1044 1407 1109 de
1433 1047 1497 1109 ista
1518 1046 1645 1131 piscina
1666 1060 1698 1111 et
1720 1045 1760 1111 de
1781 1050 1868 1111 t'onte

194 1152 284 1219 Silae
303 1157 421 1242 recipit
441 1179 559 1242 aquarn
580 1167 734 1246 tanquam
753 1159 963 1235 inferiores).

317 1270 361 1336 Et
388 1283 466 1339 nota
496 1273 537 1339 de
564 1275 753 1339 diuersitate
782 1275 917 1339 istarum
939 1275 1139 1361 piscinarum
1161 1286 1192 1338 ct
1212 1275 1396 1339 nominibus
1418 1298 1537 1340 aarum.
1580 1276 1691 1341 Prima
1712 1286 1744 1341 et
1764 1280 1867 1363 preci·

200 1407 266 1472 pua
300 1388 427 1474 piscina
454 1392 488 1454 in
509 1390 684 1456 Ierusalem
714 1400 785 1455 erat
807 1395 929 1470 piscina
954 1394 1133 1470 probatica,
1162 1392 1302 1475 quinque
1328 1393 1473 1477 porticus
1502 1392 1634 1457 habens.
1676 1392 1772 1457 Hanc
1792 1394 1884 1458 fecit*

195 1500 349 1569 Salomon
380 1527 439 1591 pro
474 1508 653 1573 ministerio
685 1506 805 1593 templi.
848 1507 901 1571 De
929 1507 991 1572 hac
1021 1506 1142 1571 dictum
1172 1517 1221 1570 cst
1249 1528 1356 1592 supra.
1399 1506 1550 1572 Secunda
1576 1508 1638 1573 fuit
1665 1510 1758 1573 iuxta
1778 1509 1867 1572 illam

196 1630 310 1683 contra
338 1620 521 1706 aquilonem
551 1624 584 1687 in
615 1623 751 1688 ecclesia
777 1632 888 1687 sancte
914 1623 1022 1705 Anne,
1050 1634 1081 1686 et
1108 1620 1275 1686 dicebatur
1303 1626 1437 1686 inte-rior.
1479 1623 1576 1687 Hanc
1601 1626 1678 1688 iecit
1697 1623 1867 1689 Ezechias.

194 1733 246 1800 De
267 1735 331 1800 hac
351 1736 473 1802 dictum
496 1750 545 1802 est
566 1738 662 1825 paulo
686 1750 768 1804 ante.
812 1738 930 1804 Tereia
951 1742 1108 1801 natatoria
1129 1742 1223 1815 Siloa,
1251 1747 1282 1802 et
1310 1749 1380 1802 erat
1409 1738 1468 1803 sub
1495 1750 1603 1804 monte
1624 1739 1734 1804 oliucti
1754 1756 1785 1805 ct
1807 1742 1867 1806 sub

194 1862 302 1915 monte
324 1851 402 1918 Sion
423 1877 525 1942 prope
545 1854 796 1937 Acheldemach,
818 1864 849 1919 et
869 1854 1011 1919 habebat
1032 1876 1149 1940 aquam
1174 1854 1214 1918 de
1235 1854 1323 1918 fonte
1337 1853 1430 1918 Silae.
1463 1854 1560 1919 Hanc
1575 1857 1677 1920 eciam
1693 1858 1770 1920 fecit
1784 1857 1866 1920 Eze-

196 1964 294 2031 chias.
331 1966 489 2048 Quas-tm)
511 1984 580 2035 crat
598 1975 736 2050 superior
746 1975 876 2050 piscina,
890 1969 930 2033 de
952 1970 1154 2056 quadictum
1175 1981 1234 2035 cst.
1268 1970 1364 2034 Hane
1379 1971 1526 2035 similiter
1541 1973 1676 2057 perfecit
1695 1971 1865 2040 Ezechias.

195 2080 238 2145 Et
259 2084 287 2146 si
307 2082 427 2150 alicubi
448 2088 604 2168 inuenies,
627 2087 713 2174 qued
734 2088 797 2150 ista
813 2094 928 2171 quarta
940 2087 1067 2172 piscina
1080 2087 1177 2149 luerit
1192 2087 1225 2150 in
1238 2087 1379 2170 ciuitate,
1401 2110 1466 2152 nen
1482 2098 1531 2150 est
1545 2109 1666 2166 uerum,
1689 2089 1786 2152 immo
1802 2112 1866 2152 om-

196 2198 271 2262 nino
285 2199 494 2285 impossibile.
517 2202 601 2285 Scio,
614 2202 699 2289 quod
711 2224 808 2289 super
823 2224 914 2277 „onas
928 2205 1018 2263 nattis
1031 2205 1090 2280 ⁴⁵⁹)
1104 2205 1244 2264 uisionis“
1260 2202 1377 2267 dicitur
1389 2216 1421 2267 ct
1436 2203 1563 2287 legitur,
1577 2204 1653 2289 quia
1667 2204 1731 2267 ista
1741 2206 1867 2288 piscina

196 2316 349 2401 superior
375 2317 470 2381 fuerit
480 2317 504 2394 ¹¹)
534 2322 567 2382 in
590 2321 719 2384 ciuitate
745 2329 777 2382 et
798 2316 979 2393 habuerim)
1007 2340 1123 2401 aquarn
1151 2317 1192 2381 de
1217 2320 1304 2382 fonte
1327 2317 1428 2383 Silae:
1456 2318 1542 2404 quod
1563 2317 1649 2382 nullo
1677 2318 1773 2383 modo
1796 2344 1867 2384 esse

195 2438 311 2515 potest,
333 2455 404 2496 cum
426 2435 546 2498 ciuitas·
563 2436 664 2500 alcior
688 2436 728 2498 sit
750 2436 837 2497 fonte
855 2432 941 2498 b'iloe
962 2434 1036 2520 plus
1058 2455 1155 2519 quarn
1171 2432 1285 2499 0000
1308 2433 1435 2514 cubitis,
1458 2444 1490 2498 et
1511 2455 1598 2520 aqua
1611 2456 1675 2498 nen
1690 2436 1795 2520 possit
1809 2459 1867 2520 per

196 2554 318 2611 tantam
339 2547 540 2614 altitudinem
554 2551 652 2616 fluere
667 2573 802 2615 sursum.
844 2548 964 2613 Uerum
979 2560 1086 2613 tamen
1103 2561 1166 2630 cst,
1190 2549 1277 2634 quod
1291 2547 1390 2614 habet
1404 2572 1522 2636 aquam
1536 2550 1576 2614 de
1591 2551 1662 2635 ipsc
1679 2552 1767 2614 sonte
1778 2551 1866 2615 Silue

197 2672 226 2725 ct
247 2661 288 2727 de
309 2665 397 2729 sonte
418 2666 564 2731 inferiori
582 2667 710 2748 Giond),
734 2668 809 2754 quia
830 2677 878 2729 est
899 2679 987 2729 extra
1009 2665 1173 2729 ciuitatem
1199 2664 1258 2728 sub
1279 2667 1360 2751 ipsis
1380 2665 1522 2730 tentibus
1544 2689 1609 2729 non
1629 2665 1724 2751 lenge
1742 2679 1866 2731 amaa·

196 2779 277 2843 toria
295 2778 392 2846 Siloc.
435 2782 527 2848 Alias
550 2785 692 2870 piscinas
714 2806 777 2848 non
799 2782 876 2862 uidi,
900 2804 959 2845 nec
979 2780 1044 2866 legi
1063 2782 1164 2845 fuisse
1185 2783 1220 2845 in
1233 2780 1409 2846 Ierusalem
1431 2780 1481 2845 ucl
1503 2803 1574 2845 esse
1595 2784 1780 2867 antiquitus,
1803 2785 1866 2848 nisi

196 2892 276 2959 forte
293 2894 411 2984 aliquis
430 2898 508 2963 uelit
525 2923 607 2962 marc
624 2924 724 2962 cncmn
734 2902 802 2980 4⁴⁵⁰),
825 2897 911 2986 quod
925 2899 958 2961 in
974 2898 1057 2961 facie
1072 2896 1184 2983 templi
1200 2906 1279 2979 erat,
1301 2898 1385 2960 inter
1399 2898 1541 2983 piscinas
1557 2909 1752 2984 cornputare.
1787 2898 1865 2963 Ber·

198 3008 302 3089 eilias)
323 3013 462 3097 quedam
484 3028 591 3080 tamen
613 3027 748 3103 propter
769 3012 918 3093 balneas)
940 3014 1026 3078 facta
1047 3024 1121 3078 sunt
1134 3013 1298 3078 modernis
1319 3013 1433 3077 diebus
1456 3014 1489 3076 in
1507 3014 1637 3077 ciuitate
1653 3036 1716 3078 non
1735 3013 1866 3100 longea

197 3124 290 3192 domo
310 3130 496 3215 patriarcbe
518 3142 549 3196 et
567 3131 735 3218 hospitalis
758 3132 861 3195 sancti
883 3129 1047 3211 Iohannis,
1069 3129 1110 3193 de
1131 3129 1247 3217 quibus
1269 3151 1333 3194 non
1354 3130 1390 3193 fit
1410 3130 1529 3194 mentio
1550 3129 1585 3192 in
1605 3131 1865 3215 scripturallll).

323 3250 420 3310 Uallia
449 3250 552 3312 eciam
572 3253 717 3327 iosaphat
746 3246 897 3333 cingebat
918 3247 1097 3326 ciuitatem,
1128 3267 1170 3309 ex
1198 3254 1293 3333 parte
1315 3247 1448 3310 orientis
1471 3244 1530 3308 sub
1552 3253 1660 3309 monte
1681 3245 1790 3311 oliucti
1811 3247 1865 3311 de·

198 3360 361 3427 scandens.
405 3362 477 3443 Quo
504 3364 579 3428 licet
608 3364 714 3428 adbuc
736 3364 778 3427 sit
799 3362 877 3426 satis
901 3359 1079 3448 profunda,
1108 3360 1244 3425 multum
1268 3374 1377 3426 tamen
1398 3374 1446 3426 est
1468 3362 1677 3448 impletall1).
1727 3362 1866 3427 Romani

199 3479 292 3560 enirn,
312 3488 347 3542 ut
369 3479 447 3544 dicit
467 3481 703 3567 Iosephusnn,
726 3479 767 3544 ab
790 3501 828 3543 ea
850 3486 942 3564 parte
964 3479 1128 3541 ciuitatem
1149 3488 1374 3564 oppugnantes
1395 3479 1506 3542 incisis
1527 3477 1622 3542 oliuis
1644 3488 1677 3541 et
1693 3477 1865 3543 arboribus

197 3591 268 3659 aliis
297 3617 433 3681 aggeres
460 3597 536 3660 inde
563 3599 717 3660 iacientes
749 3617 821 3659 earn
848 3593 1139 3680 impleuerantlll).
1182 3594 1300 3658 Postea
1328 3596 1460 3679 insuper
1486 3608 1582 3680 capta
1603 3595 1734 3658 ciuitate
1753 3596 1865 3659 rusinae

197 3711 350 3774 atriorum
377 3720 409 3776 et
433 3710 544 3798 templi
573 3711 776 3797 complanato
803 3720 909 3774 niente
930 3708 1053 3789 blaria,
1086 3721 1121 3772 ut
1149 3709 1190 3773 de
1219 3720 1325 3775 cetero
1357 3711 1480 3787 locust}
1508 3713 1624 3775 iterum
1654 3710 1772 3773 muniri
1799 3732 1865 3774 non

196 3836 319 3912 posset,
348 3826 463 3893 Helius
483 3828 711 3905 Adrianus⁴¹⁵⁴l
739 3828 815 3890 fecit
838 3827 945 3890 onmia
967 3825 1072 3910 proici
1092 3826 1125 3886 in
1147 3835 1320 3890 terrentem
1344 3826 1474 3892 Cedren
1494 3838 1526 3890 et
1547 3827 1710 3890 ciuitatem
1733 3830 1865 3912 aspergi

261 3979 288 4043 a)
308 3983 425 4044 metuar
441 3978 479 4033 st.
497 3986 597 4047 quarta
614 3977 640 4032 h.
659 4007 688 4015 -
709 3977 738 4049 b)
749 3977 814 4045 suit
833 3974 865 4029 St
878 3973 905 4029 b.
945 3972 1043 4026 decrit
1060 3987 1075 4025 e
1092 3973 1251 4027 coniectura
1269 3973 1339 4027 dedi.
1361 4008 1389 4015 -
1408 3978 1435 4041 c)
1453 3975 1578 4027 lrabaerit
1595 3976 1633 4029 St.
1650 3975 1745 4028 lranrr't
1761 3974 1787 4029 h.
1815 3976 1865 4030 Ed.

327 4059 398 4115 Ven.
416 4091 450 4100 —
466 4058 494 4131 d)
511 4080 600 4131 pppon
617 4060 657 4116 St.
678 4091 711 4101 -
728 4066 753 4127 e)
772 4058 910 4126 bercliplia
930 4055 970 4111 st.
997 4088 1021 4095 -
1043 4055 1071 4119 1)
1090 4056 1186 4109 balam
1205 4055 1243 4110 St.
1265 4090 1293 4098 -
1312 4060 1341 4127 g)
1359 4058 1448 4111 locrrm
1467 4060 1507 4112 st.
1527 4058 1602 4112 locas
1620 4058 1647 4112 h.

255 4186 328 4255 454)
350 4182 473 4241 Fontem
494 4201 566 4241 acro
587 4204 734 4261 aquaram
757 4180 843 4256 Gion]
871 4180 907 4239 V.
928 4180 1008 4238 Tob-
1050 4197 1137 4256 quam
1151 4177 1298 4237 'l'oblerus
1311 4187 1406 4251 vocat,
1427 4182 1568 4258 piscinam
1583 4178 1693 4241 Siloab.
1731 4182 1768 4241 V.
1784 4182 1864 4241 'l'ob-

195 4280 238 4341 ler
258 4280 339 4360 Top.
362 4302 389 4341 v.
411 4281 504 4341 Ierns.
526 4282 568 4341 Π.
590 4288 637 4343 61,
1051 4276 1093 4334 ler
1114 4276 1171 4335 Die
1193 4276 1392 4355 Siloaquuello
1414 4300 1441 4357 p.
1464 4283 1502 4340 32
1524 4300 1586 4359 sqq.

256 4386 328 4450 455)
349 4380 386 4439 ab
413 4400 487 4457 apro
511 4380 650 4457 fullonis]
678 4379 724 4440 cf.
747 4380 860 4438 Icsaiae
889 4377 958 4437 VII.
981 4383 1008 4449 3,
1113 4381 1183 4448 459)
1205 4396 1279 4433 onus
1302 4376 1400 4452 accitis]
1425 4378 1460 4438 V.
1481 4380 1595 4438 Iesaiae
1615 4379 1721 4438 XXH.
1749 4385 1772 4439 1,

193 4477 344 4541 XXXVI.
368 4484 403 4552 2;
426 4481 459 4540 Π
480 4480 596 4558 Regum
617 4478 737 4537 XVIII.
760 4483 805 4539 17.
1113 4479 1183 4548 466)
1204 4495 1286 4534 arare
1309 4477 1418 4552 cacani]
1447 4476 1484 4537 V.
1505 4478 1539 4536 11
1559 4476 1640 4537 Sam.
1661 4476 1746 4537 VllI.
1771 4480 1803 4551 83
1831 4477 1864 4535 11

255 4581 327 4653 456)
356 4580 389 4637 in
421 4579 604 4654 superiorem
629 4577 786 4653 piscinarii]
824 4576 879 4634 Est
906 4595 1007 4634 recens
1049 4570 1164 4649 Regum
1186 4573 1288 4634 XXV.
1313 4581 1358 4636 13.

193 4678 295 4739 Birlret
315 4678 518 4738 elMamillab.
555 4676 591 4735 V.
613 4676 726 4735 Tabler
748 4676 880 4755 'l'opogn
907 4697 934 4736 v.
955 4676 1007 4735 Jc-
1111 4671 1204 4744 lbbb)
1226 4675 1358 4732 barilia
1380 4707 1421 4715 —
1442 4673 1601 4749 scriptura]
1632 4673 1680 4732 De
1708 4672 1764 4731 boc
1794 4672 1864 4730 bur-

194 4798 250 4839 rus.
262 4779 303 4840 11.
323 4781 361 4839 62
381 4798 443 4857 sqq.
472 4776 626 4835 Robinson
642 4776 706 4834 Pal.
720 4777 762 4835 11.
784 4778 840 4835 126
855 4795 917 4854 sqq.
946 4774 1007 4853 Ap·
1049 4768 1149 4828 cbardi
1170 4770 1235 4830 leco
1254 4772 1322 4832 vide
1340 4792 1416 4852 quac
1432 4772 1535 4831 laudat
1550 4771 1696 4831 Toblerus
1719 4772 1748 4828 in
1761 4771 1863 4839 rl’sen·

193 4886 277 4957 paret
296 4885 392 4936 antem
414 4869 491 4935 banc
513 4874 711 4933 Burchardum
732 4874 760 4932 h.
782 4873 801 4933 l.
824 4894 883 4932 non
904 4872 1008 4943 dicere,
1050 4869 1111 4943 do)
1133 4870 1284 4929 Antonino
1314 4871 1458 4950 Martyre,
1488 4890 1573 4949 quern
1596 4869 1702 4942 edidit,
1725 4890 1792 4948 pag.
1815 4877 1863 4931 66.

193 4976 244 5037 sed
265 4996 341 5047 eam,
362 4995 449 5055 quam
472 4973 618 5033 Toblerus
641 4972 710 5032 dicit
726 4969 1006 5032 OberteichSiloah.
1049 4966 1185 5028 Ceterum
1207 4969 1640 5046 bercilcestFrancogallerum
1662 4968 1794 5028 berceau.

193 5074 230 5138 V.
252 5074 367 5135 'Pobler
392 5075 451 5134 Die
472 5071 672 5151 Siloabquelle
699 5093 729 5151 p.
750 5076 788 5132 23
811 5091 873 5150 sqq.
916 5067 1006 5128 (luins
1111 5070 1182 5140 461)
1203 5070 1321 5126 rrzultam
1337 5102 1376 5110 -
1394 5077 1437 5126 est
1453 5068 1582 5144 inpleta}
1598 5069 1696 5146 Negat
1710 5068 1766 5126 hoc
1782 5069 1862 5127 'l'ob-

193 5175 234 5235 rei
262 5192 379 5234 omnem
401 5171 612 5232 dubitationem
633 5171 785 5250 expellunt
806 5170 896 5250 ipsius
916 5167 1008 5227 verba
1048 5169 1126 5229 lerus
1149 5168 1226 5246 'l'op
1249 5188 1277 5227 v.
1300 5167 1323 5226 J
1325 5186 1401 5225 crus.
1422 5167 1463 5226 11.
1486 5171 1523 5227 26
1547 5187 1591 5246 sq.

195 5273 352 5353 scriptoris,
372 5272 421 5351 qui
442 5269 531 5329 infra:
554 5273 641 5344 ,sons
662 5269 749 5339 Siloa,
769 5268 871 5347 inquit,
892 5270 928 5325 dc
950 5286 1006 5344 qao
1110 5272 1180 5341 462)
1201 5265 1352 5342 Iosephus]
1376 5265 1408 5325 B.
1431 5266 1461 5325 J.
1484 5266 1520 5325 V.
1544 5269 1572 5327 2.

191 5391 249 5447 par
269 5373 464 5450 aqueductum
477 5368 549 5445 fluit
570 5387 650 5444 aqna
682 5366 714 5424 in
732 5366 922 5442 piscinam
950 5386 1004 5424 su·
1110 5370 1181 5437 463)
1202 5365 1331 5425 Romani
1355 5398 1394 5407 -
1416 5363 1620 5439 irnplcuerantl
1643 5364 1731 5426 Hanc
1751 5370 1861 5447 opinia-

190 5470 382 5546 periorcm
402 5476 430 5526 et
451 5467 483 5526 in
504 5466 688 5524 natatoriam
711 5464 815 5524 Siloc.“
1048 5486 1114 5525 nem
1146 5472 1237 5522 totam
1259 5464 1365 5524 refellit
1387 5461 1500 5522 Tobler
1521 5462 1578 5521 Die
1601 5461 1732 5546 Siloabq.
1754 5487 1783 5545 p.
1806 5471 1860 5528 183

226 5608 229 5615 ·
255 5573 327 5638 457)
355 5566 450 5641 Ysat'c]
474 5565 544 5627 VII.
567 5570 593 5626 3.
1047 5568 1157 5625 -186,

256 5672 327 5743 458)
346 5666 417 5743 qaia
433 5666 500 5742 ipso
517 5698 556 5708 —
570 5662 707 5738 inferior]
731 5662 810 5721 Dicit
832 5660 1007 5735 inferiorem,
1111 5666 1183 5737 464)
1209 5661 1315 5719 Helias
1348 5658 1511 5734 Adrianus]
1550 5659 1653 5719 Aelius
1684 5662 1861 5725 Hadrianus.

1611 5778 1645 5825 9.
