4230 6096
999 678 1220 743 „42-

327 889 423 953 quam
446 866 600 933 noctibus
623 867 665 930 ad
688 862 930 933 mattutinas⁴⁹⁹
953 866 1029 932 dato
1057 867 1172 950 signo,
1204 867 1281 953 quia
1312 885 1491 951 campanas
1519 887 1584 930 non
1608 866 1748 947 babent,
1774 889 1889 935 omues

244 996 292 1056 18.
326 993 424 1061 simul
454 995 664 1059 conueniunt.
718 991 944 1076 Sollempnius
974 993 1060 1057 enim
1096 990 1200 1062 multo
1235 1005 1338 1077 agunt
1372 1003 1566 1061 nocturnum
1603 991 1749 1059 officiunt
1791 1017 1890 1082 quam

244 1120 293 1183 10.
327 1122 484 1185 diurnum.
532 1119 640 1183 Unum
672 1138 787 1183 omnes
818 1129 850 1181 et
880 1137 1052 1181 commune
1082 1117 1205 1181 habent
1235 1117 1442 1182 refectorium
1471 1138 1625 1201 magnum
1650 1130 1683 1183 et
1706 1118 1891 1202 pulchrum,

326 1267 422 1312 unam
446 1257 570 1310 tantum
594 1265 743 1311 mensam
765 1243 910 1327 longam,
934 1243 966 1306 io
991 1243 1101 1307 medio
1126 1241 1300 1308 refectorio
1324 1242 1478 1327 positam,
1509 1243 1551 1306 ad
1576 1264 1674 1330 quam
1699 1246 1795 1309 sedet
1820 1249 1890 1330 epi-

324 1391 449 1457 scopus
475 1391 586 1435 eorum
609 1372 641 1435 in
665 1369 746 1450 fine,
772 1378 806 1434 et
826 1369 860 1432 in
885 1369 1024 1433 circuitu
1047 1367 1179 1453 reliqui,
1203 1368 1271 1433 bini
1295 1381 1328 1434 et
1352 1368 1435 1449 bini,
1461 1369 1534 1433 sine
1558 1369 1699 1435 mensali
1714 1369 1762 1450 ⁵⁰⁰,
1788 1392 1889 1456 super

239 1498 291 1559 20.
324 1497 445 1562 nudam
477 1516 624 1561 mensam
659 1495 883 1570 comedentes.
930 1493 1077 1585 Alternis
1107 1514 1186 1561 uero
1218 1495 1545 1560 diebuscomednut
1579 1496 1611 1558 in
1648 1495 1824 1562 refectorio
1855 1512 1890 1564 et

239 1622 291 1681 21.
325 1622 473 1703 festinis,
502 1622 578 1688 aliis
603 1621 720 1686 diebus
744 1622 778 1685 in
802 1618 980 1685 domiciliis
1005 1640 1115 1686 eorum
1138 1640 1258 1709 panem
1283 1632 1316 1684 et
1339 1641 1469 1707 aquam.
1516 1621 1552 1685 ln
1577 1620 1751 1687 refectorio
1777 1644 1891 1688 eorum

194 1795 201 1810 .
238 1748 290 1811 23.
325 1770 400 1817 cum
418 1749 503 1833 ipsis
521 1747 661 1813 comedi.
697 1746 779 1814 Sine
797 1743 986 1810 lectiooe⁵⁰¹
1010 1745 1196 1824 comedunt,
1222 1744 1431 1831 disciplinate
1456 1760 1574 1814 tamen.
1610 1750 1738 1832 Aquam
1758 1769 1890 1834 semper

323 1874 454 1954 bibunt,
489 1885 696 1960 preterquam
731 1874 765 1936 in
800 1872 917 1956 paucis
953 1869 1272 1956 sollempnitatibus,
1309 1872 1428 1956 quibus
1463 1885 1597 1939 utuntur
1631 1874 1763 1939 modico
1798 1875 1889 1939 uiuo.

238 2001 289 2064 24.
324 2000 442 2067 Pisces
465 1998 588 2065 babent
611 1998 718 2063 bonos
742 2009 776 2062 et
798 1997 881 2062 satis
906 1997 948 2061 de
971 1997 1049 2061 mari
1078 1996 1190 2077 rubro,
1220 2018 1337 2082 panem
1363 2009 1610 2083 conpetentem,
1642 2021 1738 2092 rapas
1764 2011 1797 2064 et
1821 1999 1889 2065 olei

237 2127 289 2188 25.
322 2127 405 2192 satis
429 2138 461 2191 et
485 2125 639 2205 dactilos.
685 2125 869 2209 Numquam
893 2134 1024 2189 utuntur
1049 2122 1220 2203 carnibus,
1251 2124 1370 2188 misere
1398 2124 1593 2205 induuntur,
1624 2125 1743 2189 misere
1767 2126 1890 2190 cubant

236 2256 289 2324 20.
321 2262 355 2317 22
383 2252 480 2335 quasi
510 2270 610 2335 super
638 2250 758 2315 nudam
788 2261 919 2328 terram,
954 2248 1027 2312 sine
1057 2246 1177 2330 plumis
1208 2259 1241 2312 et
1271 2249 1344 2313 sine
1373 2259 1562 2314 stramento.
1611 2249 1791 2339 Pleraque,
1823 2273 1888 2339 que

320 2377 453 2459 babent,
478 2387 689 2462 apportantur
713 2377 763 2440 eis
789 2375 830 2439 de
854 2370 1088 2439 02121122ιί2000.

236 2509 288 2572 27.
371 2539 374 2545 ,
454 2502 517 2569 Est
540 2504 646 2567 eciam
668 2502 702 2565 in
727 2498 883 2584 capitello
897 2496 934 2535 ⁵⁰³
958 2499 1107 2565 eiusdem
1132 2500 1322 2593 monasterii
1347 2497 1460 2595 locus,
1490 2498 1544 2563 ubi
1570 2499 1670 2566 rubus
1694 2499 1820 2580 stabat,
1845 2500 1887 2564 ab

321 2629 474 2696 omnibus
504 2639 572 2692 tam
599 2627 790 2693 Sarracenis
822 2647 919 2712 quam
949 2624 1146 2692 Christianis
1177 2638 1370 2705 ueneratus,
1402 2624 1583 2691 honorifice
1610 2638 1822 2711 preparatus,
1853 2628 1886 2690 in

235 2757 287 2820 28.
320 2756 396 2840 ipso
427 2754 629 2820 monasterio
659 2751 863 2817 subdiuisus.
914 2749 1011 2816 Hunc
1041 2749 1151 2816 nullus
1186 2771 1248 2815 nec
1279 2751 1461 2835 episcopus
1495 2771 1557 2815 nec
1587 2752 1785 2844 monachus,
1824 2773 1887 2816 nec

235 2881 288 2944 20.
322 2877 529 2945 Christianus
559 2897 621 2941 nec
645 2876 848 2942 Sarracenos
872 2878 997 2963 ingredi
1021 2879 1122 2942 audet
1143 2878 1208 2941 nisi
1233 2875 1457 2942 discalciatus.
1507 2877 1584 2959 lpse
1616 2877 1717 2941 eciam
1742 2877 1886 2962 Magnus

319 3002 848 3086 8210222200,222820112212,
873 3016 951 3068 tunc
975 3005 1131 3087 temporis
1149 2987 1308 3068 'extiterat
1330 3002 1393 3081 ibi,
1423 3013 1454 3064 et
1478 3021 1633 3066 reuerens
1657 3001 1767 3066 locum
1792 3001 1884 3067 illum

190 3176 197 3191 ·
234 3129 286 3192 31·
319 3129 484 3198 humiliter
507 3141 539 3196 et
562 3130 661 3195 nudis
683 3130 826 3215 pedibus
848 3131 1007 3199 introiuit.
1043 3129 1108 3196 Ubi
1133 3150 1197 3215 ego
1221 3131 1327 3195 eciam
1347 3125 1562 3193 discalciatus
1586 3129 1732 3193 adoraui.
1770 3127 1886 3194 Rubos

321 3256 453 3343 quidem
476 3253 628 3322 sublatus
653 3265 704 3320 est
728 3267 761 3320 et
784 3257 868 3322 inter
886 3255 1094 3338 Christianos
1113 3275 1173 3338 pro
1197 3254 1345 3340 reliquiis
1369 3254 1559 3334 distractus,
1583 3254 1623 3317 ad
1648 3254 1751 3344 instar
1775 3267 1885 3319 autem

319 3379 409 3447 illius
439 3380 509 3446 rubi
540 3378 650 3446 factus
680 3392 732 3444 est
762 3400 882 3446 aureus
906 3380 1007 3446 rubus
1030 3400 1072 3446 en
1095 3379 1228 3445 laminis
1251 3380 1377 3459 aureis,
1414 3390 1447 3442 et
1475 3399 1596 3465 ymago
1620 3378 1754 3449 Domini
1786 3399 1886 3443 aurea

321 3529 421 3597 super
451 3506 582 3584 rubum,
615 3517 648 3570 et
675 3526 796 3592 ymago
825 3506 937 3593 Moysi
967 3526 1064 3572 aurea
1095 3517 1189 3571 stans
1219 3506 1262 3570 ad
1291 3507 1455 3570 dexteram
1485 3503 1573 3585 rubi,
1606 3503 1806 3569 discalcians
1836 3524 1884 3566 se.

235 3635 286 3697 32.
320 3630 395 3698 Stat
418 3641 451 3697 et
474 3631 540 3697 alia
563 3651 683 3718 ymago
708 3631 820 3718 Moysi
850 3651 948 3696 aurea
978 3632 1013 3695 in
1042 3632 1175 3698 sinistra
1204 3643 1297 3716 parte
1326 3629 1398 3696 rubi
1428 3642 1592 3716 tamquam
1625 3627 1821 3694 discalciata
1853 3640 1885 3692 et

234 3762 287 3825 33.
320 3759 418 3825 nudis
440 3757 593 3843 pedibus.
639 3757 703 3822 Ubi
728 3756 893 3823 Dominus
918 3759 1007 3825 dedit
1031 3760 1062 3825 ei
1085 3758 1283 3843 legationem
1308 3757 1349 3848 ad
1371 3754 1590 3836 Pharaonem,
1615 3775 1723 3840 regem
1748 3755 1883 3841 Egypti,

235 3888 287 3955 32.
320 3884 362 3949 212
385 3884 557 3949 educendo
582 3882 706 3969 populo
731 3906 805 3949 suo.
841 3885 876 3949 ln
902 3906 968 3970 quo
992 3884 1069 3951 loco
1094 3885 1202 3949 adbuc
1226 3881 1423 3965 effodiuntur
1444 3882 1575 3968 lapides
1601 3881 1762 3947 babentes
1787 3883 1820 3945 in
1845 3902 1884 3945 se

319 4019 483 4092 tamquam
512 4009 635 4094 pictam
665 4009 912 4075 similitudinem
942 4008 1012 4074 rubi
1021 4054 1032 4088 ,
1066 4009 1122 4094 qui
1138 4007 1265 4077 ,ualent
1294 4009 1587 4099 contra'diuersas
1617 4007 1822 4072 infirmitates
1835 4005 1883 4070 000.

259 4141 286 4203 1.
453 4130 583 4202 xlx.
618 4136 805 4200 Notandum
817 4138 933 4213 eciam,
953 4133 1042 4217 quod
1061 4133 1093 4197 in
1113 4133 1227 4198 eudem
1247 4132 1391 4198 ccclesia
1411 4134 1502 4197 iuxta
1523 4131 1656 4197 chorum
1675 4133 1708 4196 in
1727 4133 1883 4196 eminenti

256 4266 286 4326 2.
320 4277 438 4322 uersus
461 4259 628 4325 meridiem
652 4257 762 4324 tumba
787 4259 884 4324 beate
907 4256 1063 4323 Katerine
1087 4268 1140 4322 est
1163 4256 1284 4323 locata.
1332 4257 1458 4323 'lumba
1483 4257 1614 4344 quidem
1640 4258 1749 4324 breuis
1773 4268 1828 4323 est
1850 4269 1884 4322 et

324 4533 327 4539 ·
424 4507 905 4578 100)22222222222]222221222.-
931 4507 997 4576 500)
1016 4508 1135 4578 menania]
1155 4512 1210 4564 lino
1230 4509 1383 4564 restiendue
1403 4525 1520 4575 2222222,
1546 4505 1705 4562 Tisobtucb.
1745 4509 1805 4562 vid.
1824 4511 1882 4562 Ro-

317 4618 413 4670 binson
432 4619 446 4670 1
467 4617 524 4671 158.
548 4646 584 4657 ·-
609 4615 675 4680 501)
703 4615 819 4683 lectione]
840 4616 935 4670 Multis
959 4619 986 4668 ln
1011 4618 1136 4671 claustris
1161 4621 1318 4671 etiamnunc
1335 4632 1416 4683 super
1439 4632 1551 4669 coenatu
1575 4616 1678 4682 aliquid
1701 4617 1881 4685 praelegitur:

317 4723 529 4794 rid'llobioaon
548 4726 561 4778 1
582 4723 642 4776 159.
659 4752 696 4763 -
715 4721 783 4791 502)
802 4721 956 4792 Bubilonic]
976 4726 994 4777 i.
1014 4741 1036 4778 e
1056 4741 1139 4791 nora,
1167 4742 1235 4792 quae
1259 4733 1302 4777 222
1321 4724 1403 4777 cairo
1425 4731 1509 4776 retus.
1529 4752 1564 4762 -
1583 4720 1650 4791 tut)
1669 4722 1799 4794 capitello]
1819 4726 1838 4777 i.
1856 4741 1881 4778 2.

317 4832 417 4898 capitio
437 4849 459 4883 2.
477 4831 661 4898 presbyterio,
681 4832 726 4884 ubi
745 4831 931 4887 212222212222
951 4841 1003 4887 222.
1021 4863 1058 4874 -
1080 4831 1147 4900 tut)
1167 4831 1284 4902 Moym
1302 4829 1442 4899 Sobiunw]
1462 4831 1551 4885 11121212
1573 4830 1704 4896 21-22121,
1728 4834 1773 4899 qui
1792 4830 1882 4887 1212222

278 4967 281 4974 v
317 4941 380 4992 22221
402 4937 468 4992 1217
487 4941 514 4992 in
534 4940 631 4991 2222212
651 4944 713 4991 2222
731 4940 892 4994 Damascum
910 4947 987 5007 erat,
1006 4940 1096 4994 medio
1114 4942 1187 4994 Juuii
1206 4944 1355 5008 Aegyptum
1374 4939 1527 5007 reliquerat.
1567 4939 1626 4994 Vld.
1647 4941 1751 4994 Willreu
1771 4940 1810 4994 Vl
1828 4939 1881 4994 140

316 5053 389 5112 uota,
410 5054 439 5102 22
456 5061 519 5113 pag.
536 5044 595 5100 182.
616 5074 650 5086 ·-
669 5047 934 5117 submurmurata]
955 5050 1024 5104 Gall.
1043 5050 1194 5104 infirmiter.
