4214 6096
904 678 1126 741 ..50-

375 872 448 924 luter
467 873 591 938 paginam
611 869 755 922 secundam
775 876 803 923 et
821 872 929 923 tertiam
952 872 1084 923 insertum
1108 875 1151 923 est
1173 867 1296 923 iollolust
1320 871 1559 935 membranaceum,
1583 870 1610 922 is
1629 884 1681 936 quo
1705 870 1790 937 scrlp·

232 990 292 1034 tura
320 978 476 1033 monachica
502 979 569 1032 haec
596 982 696 1046 scripta
724 981 861 1046 leguntur:
895 979 949 1030 llec
967 981 1131 1032 continentur·
1155 980 1184 1031 in
1208 979 1257 1031 isto
1282 976 1366 1030 libello
1390 978 1512 1048 {imprimis
1535 978 1699 1030 itinerarium
1725 988 1792 1030 terre

229 1100 315 1142 surscte
332 1089 453 1158 erupturi
470 1089 594 1158 &putari

374 1202 474 1250 Areten
493 1204 569 1263 parte
589 1197 707 1263 operculi
728 1197 857 1262 scriptum
878 1201 931 1246 est:
960 1191 1035 1246 Vitae
1057 1203 1203 1247 sanctorum
1223 1205 1246 1245 et
1265 1192 1321 1245 alia
1338 1213 1384 1247 sus.
1404 1193 1477 1247 tlseol.
1496 1191 1542 1246 lat.
1561 1203 1647 1263 quart.
1668 1188 1739 1247 141.

375 1305 484 1357 Codicis
503 1305 697 1371 Beroliuensis,
717 1319 770 1370 quo
789 1320 839 1355 nos
859 1305 937 1370 primi
958 1303 1063 1369 publice
1083 1304 1192 1368 utimur,
1219 1301 1282 1354 duta
1301 1303 1379 1355 uobis
1399 1303 1476 1369 copia
1496 1311 1538 1355 est
1557 1318 1660 1357 summu
1678 1303 1792 1369 Pertuli,

230 1410 410 1466 bibliothecae
430 1416 520 1480 regiae
537 1415 668 1481 praelecti
688 1415 820 1480 primarii,
851 1416 988 1479 comitnte,
1018 1414 1060 1465 cui
1085 1411 1136 1465 hoc
1157 1414 1217 1465 loco
1237 1415 1317 1464 etiam
1336 1411 1422 1479 palam
1443 1413 1546 1476 gratias
1566 1412 1648 1478 omni,
1673 1427 1725 1479 qun
1744 1428 1792 1479 par

231 1531 281 1588 est,
302 1525 473 1575 obseruantia
493 1530 567 1574 actas
587 1522 717 1573 volumus.

662 1691 707 1760 θ.
752 1691 912 1761 codex
935 1688 1256 1761 Bneileenele.
1300 1691 1367 1770 (b.)

805 1847 832 1919 B
852 1858 882 1919 X
907 1859 947 1921 35
974 1857 1093 1930 Carine.
1118 1857 1216 1920 Basil.

373 2019 483 2075 Librum
503 2020 583 2088 hunc,
603 2036 680 2087 quem
701 2023 752 2088 ipsi
773 2037 825 2073 non
846 2020 969 2085 ridimus,
989 2021 1113 2074 Pertzius
1133 2024 1160 2074 in
1180 2021 1313 2073 tabulario
1332 2019 1384 2071 Vll
1405 2017 1454 2071 ttt
1474 2015 1517 2071 his
1535 2017 1625 2072 uerbis
1644 2024 1789 2072 mensuare

232 2123 368 2180 Tlcrmuri
395 2130 531 2200 descriptio
559 2139 627 2181 teme
651 2139 740 2181 sancte
765 2147 812 2180 rec.
834 2099 922 2189 XIV,
951 2128 1100 2195 eodemque
1127 2136 1239 2182 auctore
1268 2135 1309 2180 est
1337 2130 1406 2180 luter
1434 2127 1543 2180 codices
1571 2129 1792 2182 membranaceos

230 2236 412 2290 bibliothecae
432 2241 614 2291 universitatis
627 2240 710 2292 lissil.
739 2240 777 2290 De
792 2255 845 2305 quo
860 2242 904 2306 qrri
916 2255 974 2292 eum
985 2241 1086 2306 primus
1097 2238 1191 2303 edidit,
1214 2238 1293 2290 Titus
1307 2237 1451 2303 Toblerus,
1471 2235 1538 2289 llaec
1555 2237 1665 2289 scribite
1685 2237 1791 2291 Folium

230 2348 465 2401 membranaceum
484 2349 544 2400 libri
565 2348 738 2415 manuscripti
759 2356 801 2400 est
820 2348 996 2414 longitudinis
1016 2348 1053 2401 5⁰
1075 2348 1119 2400 1⁰¹
1138 2356 1165 2400 et
1184 2347 1334 2400 latitudinis
1354 2344 1436 2413 ΒΨ,
1461 2347 1576 2412 spetlum
1596 2347 1684 2412 ipsum
1702 2345 1791 2412 lougi-

230 2453 331 2507 tudinis
351 2455 424 2522 dllsu
444 2465 471 2508 et
491 2456 637 2509 latitudinis
657 2453 731 2523 ‘diss‘
751 2456 867 2522 (Paris).

344 2564 347 2568 ’
372 2565 483 2618 Tobleri
514 2565 612 2631 editio,
641 2583 709 2632 quse
738 2565 824 2618 forma
849 2567 951 2619 minore
978 2567 1019 2618 St.
1045 2567 1115 2619 Galli
1144 2573 1172 2620 et
1196 2567 1300 2620 Beruae
1329 2579 1398 2617 anno
1427 2561 1493 2616 1851
1523 2557 1661 2629 apparult,
1688 2559 1790 2616 codicis

230 2671 396 2725 Basileensis
415 2670 502 2726 instar
521 2678 570 2727 est'.

619 2832 660 2899 t.
705 2830 863 2903 (lodex
886 2829 1243 2906 (laudunensis.
1255 2834 1293 2918 ἢ
1336 2841 1405 2922 (g.)

869 2981 949 3060 (ΜΒ,
973 2980 1032 3044 Νο.
1059 2982 1153 3061 486.)

374 3121 426 3178 llio
450 3125 517 3177 liber
538 3131 606 3178 teste
627 3125 730 3180 editore
750 3123 920 3192 chartaceus,
940 3129 1024 3180 seculi
1038 3127 1112 3195 XIV,
1132 3128 1235 3180 lormae
1254 3127 1439 3194 quaternariae
1459 3125 1580 3193 minoris,
1599 3123 1725 3178 lollorum
1743 3120 1789 3192 Ἠ,

228 3234 298 3286 inest
317 3233 446 3285 volumini
466 3235 612 3301 inscriploz
633 3234 769 3301 Excerpta
789 3234 928 3303 desumpta
948 3253 981 3289 ex
1000 3238 1062 3289 ritis
1082 3242 1237 3289 sanctornm
1256 3243 1369 3304 patrum.
1399 3236 1481 3287 Cuius
1500 3235 1564 3286 lolia
1584 3235 1679 3287 ultima
1687 3230 1791 3286 xxvlt

228 3340 268 3407 (p.
291 3339 443 3408 tut-128)
469 3344 606 3395 continent
633 3342 765 3413 epistolum
787 3343 908 3413 nsupistrs'
928 3343 1084 3397 Tlrietmurs‘.
1123 3345 1216 3398 Codex
1242 3344 1427 3398 (laudavensis
1451 3360 1510 3397 cum
1535 3344 1685 3397 Basileeusi
1712 3342 1791 3411 plane

228 3466 378 3517 congruere
398 3449 512 3504 ridetur.
550 3453 657 3518 ltaque,
687 3455 739 3506 nisi
765 3456 798 3506 ab
826 3454 929 3507 editore
949 3456 1118 3508 Gaudaveusi
1146 3456 1206 3507 libri
1226 3454 1409 3507 Gaudavensis
1434 3453 1580 3521 particulae
1604 3453 1631 3504 in
1655 3452 1790 3518 integrum

228 3559 331 3612 codicis
351 3560 565 3627 llamburgensis
584 3563 727 3615 verborum
746 3569 902 3615 contextum
922 3564 1041 3616 intrusne
1061 3572 1165 3628 essent,
1193 3578 1280 3629 neque
1298 3563 1387 3627 nobie,
1413 3569 1442 3613 ut
1461 3559 1548 3615 codici
1567 3560 1657 3629 patrio
1676 3574 1789 3612 accuru-

227 3667 297 3721 tiore
308 3666 426 3720 editione
439 3669 481 3720 ius
497 3683 572 3761 suurp
584 3668 767 3738 redderemus,
784 3672 902 3723 ollicium
917 3673 1065 3724 iniunctum
1081 3673 1186 3736 luisset,
1206 3687 1291 3739 neque
1306 3669 1491 3724 Gandsreusis
1506 3667 1590 3722 editio
1606 3686 1622 3721 a
1640 3666 1789 3720 Basileensi

227 3773 358 3842 differret,
378 3776 426 3830 sed
446 3775 541 3832 eudem
561 3778 618 3832 iere
637 3786 759 3847 tempore
779 3780 821 3832 bis
841 3778 953 3833 dirersis
973 3781 1041 3832 locis
1056 3769 1255 3833 Thietmarinni'
1271 3780 1333 3832 libri
1353 3780 1469 3847 epitome
1487 3779 1573 3832 lucem
1592 3777 1754 3846 aspexisset.

647 3949 694 4020 8.
739 3952 898 4023 codex
924 3951 1247 4023 Monacensis.
1291 3962 1368 4035 (ιιι.)

371 4118 528 4173 Custoditur
554 4112 598 4171 hie
623 4119 691 4171 liber
717 4119 743 4171 in
769 4117 935 4174 bibliotheca
963 4122 1147 4176 universitatis
1176 4122 1313 4173 literarum
1340 4120 1507 4173 Monacensi.
1546 4116 1713 4198 chartaceus
1736 4120 1789 4184 est,

228 4224 355 4278 loliorum
374 4227 434 4294 XV,
459 4228 552 4281 seculo
571 4227 620 4280 XV
640 4229 765 4295 scriptus.
803 4230 964 4284 Continetur
982 4231 1115 4284 volumine
1139 4231 1241 4284 formae
1260 4231 1395 4282 maximas
1416 4229 1468 4282 alis
1486 4229 1568 4281 multa
1588 4227 1791 4295 complectente.

228 4334 310 4385 Cuius
336 4350 402 4400 quar
429 4322 507 4390 nubis
527 4338 650 4390 Halmius
672 4337 702 4389 V.
723 4339 763 4390 cl.
790 4340 823 4389 sb
848 4342 909 4407 ipso
929 4342 1080 4409 exscriptas
1101 4342 1252 4394 transmisit
1271 4341 1418 4407 scripturas
1438 4337 1641 4404 discrepantes,
1666 4336 1792 4388 evincunt

228 4439 348 4495 codicem
368 4443 443 4495 illurn
463 4447 574 4500 minoris
595 4455 697 4499 tentum
717 4449 797 4515 pretii
818 4465 888 4516 esse,
914 4450 1013 4519 quippe
1032 4453 1077 4517 qui
1096 4456 1124 4502 et
1142 4448 1296 4504 secundarii
1315 4450 1421 4516 generis
1439 4449 1485 4513 sit,
1512 4455 1541 4501 et
1567 4461 1626 4499 cum
1646 4446 1714 4497 libro
1734 4444 1789 4498 Bs-

227 4550 337 4603 sileensi
357 4552 518 4605 consentiet.
546 4555 655 4621 Restat,
675 4563 704 4608 ut
722 4555 862 4622 addamus,
882 4556 952 4629 bunc
971 4559 1069 4611 librum
1089 4557 1203 4612 eundem
1221 4575 1294 4623 esse,
1313 4561 1355 4612 cui
1375 4559 1439 4612 olim
1457 4552 1632 4610 Laudshutus
1650 4558 1790 4608 asservato

226 4658 291 4710 xttt
314 4665 417 4711 tautum
443 4660 509 4712 lolia
527 4664 698 4717 ascribuntur
722 4665 750 4718 iu
768 4667 872 4719 Pertaii
898 4667 1032 4721 tabulario
1052 4669 1103 4721 rol.
1123 4668 1136 4720 1
1155 4684 1181 4735 p.
1201 4665 1264 4734 373,
1289 4682 1343 4722 nou
1361 4683 1387 4735 p.
1406 4664 1468 4732 ι273,
1495 4671 1525 4718 ut
1547 4665 1572 4716 in
1598 4661 1687 4716 iudice
1711 4659 1791 4716 bulas

228 4768 368 4820 voluminis
388 4768 506 4834 positum
527 4777 576 4823 est.

227 4916 482 4924 ——..———-—.—--
496 4919 501 4924 .

335 5004 358 5057 ⁸)
374 5001 429 5052 Vid.
447 5003 582 5088 Catalogue
596 5004 753 5067 melbodique
769 5009 794 5054 et
809 5007 923 5056 raisounc'
938 5005 983 5056 cles
998 5008 1144 5057 manuscrits
1160 5008 1193 5058 tle
1208 5011 1232 5058 la
1246 5005 1416 5069 Bibllotbeqne
1433 5005 1464 5055 de
1478 5005 1504 5055 la
1517 5005 1574 5057 ritte
1589 5010 1616 5056 st
1629 5006 1661 5056 dc
1675 5005 1791 5057 tmtrer-

227 5089 274 5139 sut
289 5089 320 5141 de
335 5090 417 5154 Gund,
432 5107 476 5157 pnr
490 5093 514 5143 le
529 5091 609 5143 buron
623 5094 691 5144 lules
707 5097 738 5144 de
753 5097 939 5148 satur-Gensis.
969 5098 1042 5148 Gund
1057 5104 1192 5150 leit-1852
1205 5113 1262 5164 pag.
1277 5103 1317 5149 tlt
1331 5099 1378 5149 Nu.
1393 5103 1440 5148 85².

1550 5186 1592 5241 gs
