4214 6096
1042 658 1261 764 „qq-

195 883 248 945 13.
283 880 337 944 13.
370 879 405 943 in
428 898 495 966 quo
518 874 663 942 membro
685 873 856 960 peeeauit,
887 874 921 937 in
945 893 985 937 eo
1009 873 1161 939 abluitur.
1207 873 1340 938 Etlree
1362 881 1417 939 est
1438 891 1550 938 eorum
1573 869 1756 938 confessio.
1804 870 1932 958 Quater

283 1006 337 1068 11.
369 1004 403 1069 in
433 1003 488 1069 die
517 1011 609 1066 orant
639 1012 672 1067 et
701 998 805 1066 semel
834 1001 867 1063 in
898 1010 1008 1066 noete.
1053 998 1145 1065 Loco
1160 997 1197 1037 ¹³¹
1225 995 1505 1087 campanarumm
1527 1017 1672 1084 precone
1701 1007 1853 1080 utuntur,
1887 1000 1930 1063 ad

283 1128 335 1188 15.
370 1129 466 1194 euius
494 1129 704 1193 uocationem
733 1124 843 1191 solent
872 1124 1098 1213 sollempniter
1128 1126 1169 1190 ad
1205 1125 1383 1191 eeclesiam
1417 1125 1605 1191 conuenire.
1658 1123 1822 1210 Religiosi
1850 1143 1931 1189 uero

368 1254 542 1320 Sarraceni
563 1254 606 1318 ad
630 1251 808 1338 quamlibet
829 1251 943 1316 horum
968 1251 1078 1318 solent
1100 1272 1139 1317 se
1167 1250 1280 1318 lauare
1309 1271 1407 1336 aqua,
1437 1249 1495 1317 uel
1521 1249 1641 1316 sabulo
1655 1248 1703 1332 ¹⁸³,
1733 1251 1763 1315 si
1787 1246 1932 1314 defuerit

283 1379 336 1441 16.
369 1401 464 1465 aqua.
510 1379 709 1464 incipientes
733 1398 752 1442 a
777 1377 896 1463 capite,
925 1375 1045 1442 faeiem
1069 1377 1191 1456 lauant,
1222 1378 1341 1443 deinde
1364 1375 1510 1457 braelria,
1532 1396 1661 1458 manus,
1685 1396 1789 1458 crura,
1810 1376 1929 1460 pedes,

282 1505 335 1566 17.
367 1506 558 1592 pudibunda
588 1515 620 1569 et
651 1525 757 1569 anum.
804 1503 928 1568 Postea
960 1501 1084 1569 uadunt
1113 1522 1205 1568 orare
1219 1500 1267 1585 ¹³⁴,
1298 1513 1332 1568 et
1354 1521 1530 1587 numquam
1553 1511 1648 1567 orant
1670 1502 1745 1567 siue
1760 1498 1929 1566 ueniam.

193 1629 245 1691 18.
283 1631 335 1692 19.
368 1630 489 1696 lllultas
513 1627 680 1696 uenias¹³⁶
702 1629 837 1694 iaciunt.
884 1628 1011 1696 Uersus
1035 1630 1203 1695 meridiem
1226 1640 1327 1694 orant
1373 1629 1530 1695 'fundunt
1559 1639 1694 1714 peotora
1724 1647 1804 1708 sua,
1836 1637 1870 1693 et
1892 1627 1927 1690 in

283 1756 335 1820 50.
367 1755 525 1842 pupplieo
539 1754 575 1793 ¹³⁷
610 1766 642 1822 et
676 1754 752 1820 altis
787 1755 928 1821 uocibus
943 1752 990 1819 ¹³⁸.
1042 1755 1150 1839 Super
1183 1774 1313 1839 pannos
1346 1754 1542 1839 quadratos,
1578 1773 1664 1841 quos
1697 1772 1830 1837 semper
1863 1752 1927 1816 sub

368 1881 502 1966 cingulo
521 1902 584 1946 suo
602 1901 716 1948 seeum
735 1891 876 1966 portant,
893 1882 1009 1946 uenias
1022 1892 1162 1966 querunt
1171 1877 1219 1960 ¹³⁹,
1237 1892 1270 1945 et
1287 1882 1321 1945 in
1339 1881 1450 1946 ueniis
1469 1891 1586 1945 terram
1603 1876 1713 1942 fronte
1728 1875 1871 1962 pulsant.
1885 1912 1928 1926 -

282 2008 333 2071 51.
365 2007 516 2073 Mortuos
539 2027 622 2073 suos
645 2007 678 2070 iu
711 2006 835 2071 dextris
865 2005 1021 2071 lateribus
1035 2004 1073 2043 ¹⁴⁰
1102 2025 1176 2071 oum
1206 2026 1327 2091 magno
1358 2014 1458 2070 uentu
1486 2007 1521 2069 iu
1551 2004 1773 2070 monumentis
1801 2012 1928 2086 ponunt

364 2133 422 2214 ita,
445 2144 481 2199 ut
502 2152 621 2199 uersus
644 2132 811 2197 meridiem
834 2131 876 2196 ad
900 2131 1057 2217 templum
1080 2130 1226 2196 lllaumet
1239 2128 1277 2168 ¹⁴¹
1299 2133 1464 2215 respicere
1487 2129 1668 2195 uideantur.

282 2298 333 2359 53.
500 2293 657 2359 Mulieres
680 2294 934 2359 sarracenorum
964 2289 1233 2357 lintheaminibus
1262 2291 1305 2355 de
1334 2292 1454 2356 boeran
1484 2289 1595 2356 uelate
1625 2303 1659 2356 et
1687 2300 1844 2375 cooperte
1873 2289 1924 2353 in·

193 2421 245 2482 53.
282 2423 333 2485 51.
367 2420 494 2485 ee'dunt.
531 2421 713 2506 Numquam
738 2419 860 2504 templa
884 2437 994 2483 eorum
1019 2393 1298 2504 ingrediuntur¹⁴².
1332 2417 1470 2483 Nobiles
1490 2437 1568 2482 uero
1587 2414 1708 2482 femine
1727 2415 1760 2478 iu
1784 2415 1926 2479 maxima

366 2545 517 2609 custodia
542 2544 764 2610 eunuchorum
787 2544 965 2623 habentur,
1001 2557 1035 2608 et
1065 2564 1240 2628 numquam
1271 2543 1436 2609 domicilia
1466 2563 1577 2608 eorum
1602 2542 1829 2626 egrediuntur,
1858 2509 1924 2604 nisi

281 2672 332 2734 55.
366 2691 408 2734 ex
431 2681 587 2756 precepto
612 2671 799 2736 maritorum
822 2690 965 2736 suorum.
1000 2668 1121 2734 Nullus
1139 2669 1244 2734 eciam
1263 2670 1346 2734 adeo
1369 2670 1574 2754 propinquus
1597 2667 1659 2732 uiri
1683 2667 1756 2731 siue
1779 2662 1923 2731 mulieris

364 2797 406 2860 ad
429 2794 598 2861 mulierem
622 2796 695 2862 sine
719 2816 888 2862 consensu
912 2795 973 2860 uiri
997 2796 1124 2879 ingredi
1148 2793 1305 2860 andet¹⁴³.

473 3107 537 3172 131)
558 3106 611 3161 loeo
628 3108 825 3178 campanorum]
849 3111 893 3163 lta
917 3110 998 3163 etiam
1018 3109 1147 3163 voeabula
1164 3109 1270 3178 precia,
1293 3128 1370 3163 causo
1396 3111 1527 3164 Geuitirie
1551 3110 1607 3163 suia
1631 3107 1797 3176 praecedunt
1819 3107 1846 3160 in
1866 3106 1923 3158 ior·

365 3217 455 3281 mullo,
474 3217 559 3283 qualis
579 3222 620 3268 est
635 3216 729 3284 precia
746 3217 893 3268 orationum
912 3217 969 3269 ev
988 3215 1178 3285 stit-132)
1197 3218 1393 3288 campanarum]
1410 3219 1562 3285 campanae
1579 3234 1601 3269 a.
1622 3217 1730 3269 eloaeae
1749 3215 1925 3269 eeclesiarum

366 3325 491 3388 maiorer,
506 3323 635 3377 oriundae
645 3341 661 3375 a
672 3324 827 3391 Campania,
844 3325 921 3377 euius
932 3340 979 3377 aea
990 3325 1041 3377 iam
1053 3324 1168 3377 ePliuio
1180 3324 1357 3391 collaudatur,
1373 3326 1474 3391 primae
1484 3341 1553 3376 auno
1564 3340 1589 3390 p.
1602 3321 1665 3376 cnr.
1675 3340 1700 3376 u.
1711 3320 1765 3376 661)
1775 3335 1926 3375 memorau-

365 3436 417 3482 tur.
443 3429 504 3483 Vid.
517 3430 661 3510 Grir'neioen
673 3431 702 3484 iit
712 3430 842 3501 Heraeopt'a'
851 3432 935 3486 libro:
953 3429 1549 3504 Redi-Enoyllopiida'esu'rprotest:Tltwlopie
1560 3431 1629 3501 Περ
1636 3425 1757 3484 11-13
1768 3429 1799 3482 S.
1808 3423 1880 3481 187.
1891 3456 1925 3467 ·-

366 3537 431 3607 133)
455 3538 498 3592 uel
518 3538 618 3609 subulo]
644 3540 706 3593 Vid.
733 3541 762 3593 C.
782 3541 822 3593 W.
841 3538 953 3593 deelta
976 3536 1160 3593 Naehrlohteir
1185 3555 1237 3592 ron
1263 3538 1323 3593 (lem
1347 3535 1519 3593 Trirltiaelteu
1544 3536 1648 3593 Reiehe
1666 3538 1707 3605 (1)
1727 3553 1789 3606 pag.
1811 3534 1871 3590 1113.
1889 3562 1925 3574 -

367 3645 431 3714 131)
456 3647 556 3701 uadmrt
572 3648 660 3715 orare]
687 3648 806 3701 Gallice:
835 3648 869 3700 ila
894 3655 959 3700 vout
982 3649 1062 3714 prler.
1100 3650 1148 3700 Cir
1172 3650 1239 3702 Diea
1258 3650 1424 3702 Grammatilr
1453 3647 1501 3702 der
1525 3644 1712 3700 romauirelreu
1738 3640 1879 3712 spraehar
1898 3641 1924 3694 ll

367 3753 487 3808 133191.
505 3783 541 3794 -
562 3753 628 3823 135)
647 3752 700 3807 loro
714 3755 1007 3826 compararunt-aine
1025 3755 1113 3824 uenia]
1134 3756 1186 3809 Hie
1204 3756 1279 3810 loeus
1298 3757 1386 3809 omnir
1404 3757 1504 3823 legitur
1522 3757 1549 3808 ln
1566 3754 1706 3808 itinerario
1717 3749 1859 3812 Gerlardi
1878 3751 1924 3817 qai

363 3861 459 3926 fertur,
485 3860 556 3929 apud
575 3861 685 3914 arnold.
704 3861 773 3915 Lub.
792 3863 844 3915 vn
855 3860 889 3916 10
907 3880 932 3930 p.
953 3861 1015 3930 531,
1041 3865 1134 3928 parreia
1160 3870 1261 3927 tautum
1285 3865 1405 3930 mutatis,
1431 3871 1458 3916 et
1476 3863 1566 3916 rarbls
1583 3858 1733 3913 acitabula
1751 3859 1869 3911 insertis.
1888 3885 1925 3895 -

365 3965 801 4036 1311)ιιινιίιιε]μιιιιιιιιιῢοιίοιιεἸ
820 3968 882 4022 Vid.
894 3970 1025 4023 Duiraaue
1035 3987 1058 4023 a.
1068 3986 1092 4023 v.
1105 3999 1140 4008 -
1158 3968 1223 4037 137)
1229 3970 1361 4041 poppliao]
1371 3972 1477 4039 Lingua
1488 3969 1585 4023 Latina
1598 3967 1714 4022 cadente
1728 3964 1925 4019 reviviscebant

363 4075 467 4127 formae
486 4074 619 4140 autiquae.
637 4100 675 4115 -
704 4073 768 4142 138)
788 4074 901 4144 umida]
921 4077 1017 4144 supple
1033 4087 1120 4131 orant.
1143 4106 1176 4119 ·-
1196 4075 1261 4145 1311)
1280 4077 1369 4131 uenias
1385 4076 1507 4149 querant]
1526 4091 1614 4144 genua
1632 4076 1752 4128 flectunt.
1788 4071 1849 4125 vid
1868 4073 1924 4124 Du-

364 4183 454 4235 ireaue
463 4198 485 4234 r.
496 4198 520 4234 r.
531 4183 616 4235 reule.
632 4212 668 4222 -
689 4181 752 4251 113)
767 4184 796 4235 ia
805 4184 902 4237 dextr-ir
911 4181 1045 4252 luteribus]
1055 4200 1107 4237 uon
1118 4187 1270 4253 resupinos,
1282 4186 1403 4238 illectam
1415 4186 1484 4238 enirn
1496 4185 1591 4237 oeulos
1601 4187 1758 4237 convertere
1767 4180 1877 4234 debant.
1887 4207 1924 4219 -

366 4288 430 4356 111)
456 4288 587 4358 Maereat]
613 4288 804 4344 Mohammedi.
829 4319 866 4333 -
899 4291 962 4359 113)
989 4290 1339 4360 Mulieres-inpendiosum]
1362 4293 1438 4345 Erae
1466 4293 1556 4345 omnia
1583 4290 1618 4344 ad
1643 4291 1749 4344 literam
1774 4288 1924 4341 invenimus

364 4395 435 4465 apud
454 4396 601 4449 arnoldum
620 4398 637 4450 Ι.
657 4414 692 4458 e.‚
710 4399 831 4465 exeeptis
850 4396 956 4452 duobus
974 4398 1077 4452 verbim
1096 4399 1127 4452 da
1144 4396 1248 4452 douram
1287 4396 1394 4451 ΒΜ
1412 4408 1500 4452 auteur
1518 4393 1574 4460 nou
1584 4399 1721 4463 Latinum,
1740 4394 1790 4450 sed
1804 4395 1923 4449 Franco·

363 4506 489 4587 gallicum
507 4500 623 4572 bouqroa
642 4511 692 4558 ert.
730 4503 843 4558 Latinas
862 4506 986 4559 vocabuli
1004 4507 1106 4560 formas
1125 4507 1202 4560 affert
1220 4506 1372 4574 Dueaugiua
1390 4524 1412 4558 a.
1431 4523 1455 4559 r.
1474 4505 1660 4577 doquermanru,
1687 4503 1722 4558 de
1740 4503 1845 4557 Gallica
1862 4503 1922 4557 elue

364 4620 391 4665 et
409 4613 515 4678 origine
534 4619 561 4664 et
579 4618 676 4664 natura
695 4612 805 4679 exponit
823 4614 890 4667 Diea
904 4590 931 4667 ys.
950 4631 975 4666 r.
995 4613 1146 4668 daciam
1164 4633 1190 4683 p.
1206 4613 1249 4669 71.
1279 4614 1315 4667 Et
1332 4610 1377 4667 hie
1395 4621 1422 4668 et
1440 4615 1505 4681 illle,
1525 4630 1595 4682 quae
1614 4612 1684 4680 apud
1703 4609 1849 4665 Amolduur
1867 4624 1922 4663 nou

364 4721 496 4786 leguntur,
520 4718 671 4774 Tirietmari
689 4720 832 4774 rerbauel
847 4719 936 4776 sabulo
954 4729 983 4777 et
999 4723 1030 4776 da
1047 4722 1149 4791 doma,
1175 4740 1207 4777 ea
1231 4728 1301 4789 suut,
1326 4738 1394 4790 quaa
1419 4731 1447 4777 et
1471 4738 1559 4777 rerum
1577 4721 1800 4776 Saraoauiearuur
1824 4724 1852 4771 ai
1870 4718 1923 4771 111-

363 4843 433 4894 guae
450 4829 598 4881 Franeioae
614 4829 826 4883 familiaritatem
844 4829 977 4897 quandam
995 4830 1112 4900 prodere
1130 4830 1276 4885 rideantur.
1313 4829 1451 4883 Vocabulo
1471 4830 1582 4888 bruma
1604 4830 1673 4882 anim
1691 4828 1788 4894 lilezlo
1812 4831 1923 4880 aratore

364 4941 473 4987 utuntur
492 4935 672 4989 Provinelalea
692 4936 798 4990 Galliel.
824 4964 856 4978 -
885 4936 949 5007 113)
967 4936 1073 4992 Nobila
1090 4956 1152 4992 earo
1168 4968 1204 4980 -
1221 4937 1322 5007 ngredi
1339 4938 1429 5007 eain]
1454 4939 1572 5006 Eadem,
1601 4936 1721 5006 quamvis
1745 4949 1799 4988 aou
1823 4931 1920 4988 tuden

364 5043 462 5110 verbis,
482 5043 547 5097 dicit
565 5044 700 5099 Aruoldua
720 5045 737 5098 l.
755 5061 778 5100 o
1877 5065 1880 5073 ·
