4214 6096
1062 346 1102 409 62

192 539 227 589 55
368 527 496 591 Montes
516 523 672 609 Engaddi
692 525 750 589 alti
772 535 846 588 sunt
866 523 978 605 ualde,
1007 536 1039 587 et
1060 536 1135 587 snut
1156 523 1316 589 mirabilis
1339 524 1577 611 dispositionis,
1612 527 1761 613 prorupti
1781 523 1920 612 rupibus

245 654 277 709 et
297 641 445 722 uallibus,
467 643 514 705 ita
535 639 621 727 quod
642 662 707 705 non
728 639 797 704 uidi
819 639 949 721 similes,
970 643 1025 725 qui
1048 640 1150 703 eciam
1171 638 1358 704 uidentibus
1380 642 1546 705 incutiant
1567 641 1745 707 horrorem.
1898 632 1902 637 ¹

193 775 226 824 55
367 758 420 822 De
440 757 568 822 Iericho
591 766 730 843 quatuor
750 756 854 821 leucis
876 768 991 820 555555
1011 754 1219 831 occidentem,
1242 757 1305 835 uia,
1327 778 1388 841 quo
1409 755 1498 820 ducit
1519 758 1554 820 in
1574 756 1762 839 Ierusalem,
1785 755 1828 820 ad
1843 756 1920 821 sini-

243 886 342 941 stram
365 873 574 954 Quarentene
596 882 645 936 est
666 883 810 937 castrum
834 872 1074 952 ,45555ιηὶ51115
1096 870 1151 934 ubi
1176 870 1238 952 ille,
1261 873 1315 957 qui
1338 870 1505 936 descendit
1526 872 1568 936 ab
1588 871 1766 937 Ierusalem
1787 873 1821 935 in
1842 871 1920 937 leri-

241 991 318 1073 eho,
346 989 460 1054 incidit
485 991 518 1052 in
548 989 701 1053 latrones.
739 987 835 1068 Quod
863 987 1027 1052 modernis
1047 986 1247 1074 temporibus
1271 986 1378 1051 multis
1405 990 1541 1074 contigit
1560 987 1696 1067 ibidem,
1726 998 1758 1052 et
1778 987 1820 1052 ab
1843 987 1920 1052 effis-

242 1109 333 1172 sione
353 1107 513 1192 frequenti
534 1106 701 1189 sanguinis
723 1104 812 1195 locus
832 1102 886 1167 ille
909 1126 1024 1168 nornen
1047 1104 1182 1189 accepit.
1224 1103 1285 1167 Est
1307 1106 1391 1168 enim
1413 1103 1578 1169 horribilis
1604 1105 1679 1168 uisu
1704 1115 1736 1168 et
1758 1101 1917 1190 periculo-

242 1245 297 1288 sus
319 1220 426 1302 ualde,
450 1224 511 1286 nisi
534 1220 650 1309 aliquis
672 1219 772 1285 uadat
794 1218 854 1283 suh
876 1218 1044 1284 conductu.

193 1355 224 1404 tt
368 1336 420 1402 De
442 1336 627 1402 Adommim
660 1335 785 1400 duabus
807 1334 907 1399 loricis
932 1348 1044 1399 contra
1067 1334 1265 1400 occidentem
1287 1344 1335 1399 est
1357 1335 1606 1417 Bactarim⁴²⁴),
1634 1334 1674 1399 de
1695 1333 1783 1398 tribu
1801 1332 1919 1398 Benia-

243 1455 320 1535 min,
343 1452 385 1517 de
407 1476 471 1540 quo
493 1454 553 1518 fuit
576 1452 703 1538 Semey,
725 1451 811 1516 filius
834 1450 972 1531 Gerae),
995 1451 1050 1536 qui
1072 1448 1241 1514 maledixit
1262 1449 1390 1531 Dauid,
1417 1450 1546 1537 quando
1566 1451 1649 1536 fugit
1669 1472 1689 1515 a
1710 1451 1794 1514 faeie
1814 1450 1919 1515 Absa-

243 1567 780 1653 155551151555111153555111).
822 1566 866 1630 Et
888 1575 936 1631 est
959 1575 1101 1630 castrum
1124 1568 1202 1630 satis
1223 1565 1392 1653 prdohrum
1415 1577 1447 1630 et
1468 1567 1503 1630 in
1523 1580 1632 1632 monte
1654 1565 1718 1632 alto
1738 1568 1843 1631 situm.

193 1702 226 1753 58
368 1684 489 1750 Suhtus
512 1707 589 1749 uero
612 1685 645 1748 in
667 1681 752 1747 ualle
775 1694 889 1747 contra
912 1684 1067 1747 orientem
1090 1683 1122 1745 in
1143 1683 1196 1745 uia
1218 1685 1309 1768 regia
1326 1682 1366 1746 dc
1382 1682 1564 1748 Adommim
1580 1693 1629 1747 est
1645 1688 1732 1762 lapis,
1754 1685 1809 1771 qui
1824 1706 1920 1749 uaea-

243 1812 297 1867 tur
319 1801 480 1881 8555111),
502 1799 560 1864 filii
581 1799 706 1879 Ruben,
727 1821 863 1884 magnus
886 1800 918 1862 in
939 1797 1068 1862 modum
1093 1796 1222 1878 clibani,
1245 1807 1276 1862 et
1297 1798 1426 1863 uidetur
1448 1820 1519 1863 esse
1539 1820 1689 1864 marmor.

194 1940 227 1990 59
370 1917 422 1982 De
444 1916 619 1981 Bachurim
643 1927 755 1981 contra
778 1914 987 1995 occidentem,
1009 1923 1163 1998 quantum
1187 1913 1237 1977 bis
1260 1926 1366 2000 potest
1387 1917 1493 1979 iacere
1515 1937 1619 1994 arcus,
1639 1915 1710 1979 loco
1733 1914 1920 2001 procliuiori

246 2044 295 2099 est
317 2037 469 2096 Bethania
481 2033 539 2107 111)
547 2082 555 2114 ,
590 2031 759 2096 castellum
779 2031 908 2096 Marthe
936 2042 966 2095 ot
987 2029 1101 2094 Mario.
1143 2031 1228 2094 Ante
1260 2032 1351 2095 cuius
1383 2032 1547 2095 introitum
1570 2034 1675 2095 minus
1698 2054 1794 2118 quam
1815 2034 1921 2097 iaetus

244 2151 286 2215 sit
305 2148 442 2235 lapidis,
474 2149 566 2213 iuxta
594 2149 767 2212 cisternam
790 2150 821 2211 in
844 2170 959 2233 campo
981 2145 1161 2211 ostenditur
1183 2146 1289 2228 loeus,
1318 2146 1373 2211 nbi
1394 2146 1535 2212 Domino
1557 2146 1748 2211 Bethaniam
1777 2148 1919 2212 uenienti

243 2266 348 2353 primo
370 2267 512 2330 occurrit
534 2263 664 2329 Martha
686 2274 717 2327 55
740 2276 852 2350 postea
874 2263 978 2327 Maria
1002 2262 1043 2327 ab
1063 2284 1101 2326 55
1124 2273 1250 2327 uocata.

366 2380 405 2446 In
425 2380 585 2445 Bethania
608 2379 714 2445 adhnc
738 2379 918 2444 ostenditur
941 2379 1054 2443 domus
1076 2377 1219 2444 Simonis
1239 2379 1368 2465 leprosi,
1392 2382 1424 2443 in
1447 2400 1511 2465 qua
1532 2400 1605 2442 cum
1627 2400 1665 2443 eo
1687 2379 1836 2444 recubuit
1851 2378 1919 2444 Do·

242 2498 348 2561 minus
367 2497 492 2562 Ihesus.
535 2496 616 2560 Item
639 2495 752 2561 domus
774 2495 917 2575 Martha,
949 2497 982 2558 in
1004 2516 1068 2582 qua
1088 2495 1148 2558 fuit
1170 2497 1282 2580 sepius
1304 2494 1494 2581 hospitatus.
1537 2494 1608 2575 Que
1630 2493 1726 2559 hodie
1748 2505 1797 2559 est
1819 2493 1919 2560 eoele-

244 2614 292 2678 sia
314 2615 348 2677 in
369 2610 491 2678 honore
514 2614 658 2698 ipsarum
681 2614 778 2677 facta.
822 2613 902 2676 Item
926 2610 1108 2697 sepulcrum
1122 2611 1253 2692 Lazari,
1275 2609 1315 2674 de
1337 2633 1400 2694 quo
1422 2613 1633 2675 resuscitatus
1654 2611 1722 2692 fuit,
1743 2633 1808 2676 non
1822 2610 1919 2698 longe

243 2728 286 2794 ab
307 2728 451 2796 ccclesia.
495 2727 561 2792 Ubi
590 2739 638 2791 est
664 2729 750 2792 faeta
772 2726 897 2814 capella
920 2726 1168 2802 55555555111)
1201 2725 1296 2790 ualde
1325 2725 1441 2791 decens
1463 2739 1494 2790 et
1515 2726 1651 2813 pulchra
1680 2736 1712 2791 et
1733 2749 1919 2793 monumen·

244 2856 315 2910 tum
337 2848 443 2931 ipsum
466 2867 626 2909 marmore
648 2847 812 2923 tectunrb),
833 2846 866 2908 in
889 2841 1005 2929 quode)
1028 2865 1087 2928 ego
1110 2845 1211 2906 eciam
1228 2841 1387 2907 descendi.
1422 2842 1593 2908 Sarraceni
1609 2842 1743 2908 multum
1757 2843 1919 2910 honorant

244 2961 428 3047 sepulcrum
451 2959 537 3024 istud
560 2971 694 3046 propter
714 2958 905 3023 miraculum
928 2960 1182 3023 resuscitationis
1204 2958 1249 3023 ibi
1268 2960 1388 3023 tactum
1413 2980 1431 3022 a
1454 2958 1604 3024 Domino.

193 3084 226 3136 60
367 3075 560 3140 Recedendo
593 3074 632 3139 de
653 3075 812 3139 Bethania
840 3073 980 3138 nondum
1010 3073 1137 3138 uidetur
1158 3073 1332 3138 Ierusalem
1363 3085 1497 3161 propter
1529 3087 1669 3139 montem
1690 3075 1799 3141 oliueti
1822 3078 1919 3142 inter·

244 3194 400 3278 positum,
430 3190 487 3254 sed
516 3191 733 3267 ascenditur‘f)
764 3193 866 3276 primo
898 3200 1002 3254 tumor
1029 3188 1161 3276 quidam
1190 3202 1291 3271 terre,
1317 3200 1349 3255 et
1370 3190 1498 3254 uidetur
1518 3214 1595 3277 pars
1616 3190 1754 3276 quedam
1777 3193 1919 3257 ciuitatis

245 3306 361 3371 dilecte
385 3329 456 3371 cum
479 3318 586 3371 monte
603 3307 691 3372 Sion.
734 3306 808 3391 Eya
822 3304 922 3385 Deus,
945 3318 1022 3391 quot
1045 3305 1159 3370 deuote
1180 3305 1314 3370 laorirne
1332 3318 1407 3370 sunt
1423 3309 1456 3370 in
1469 3307 1523 3373 illo
1539 3306 1610 3372 loco
1624 3307 1693 3372 fuse
1708 3307 1920 3386 uidentium⁸)

244 3422 290 3487 ibi
314 3422 546 3488 exultationem
570 3426 719 3487 uniuersa
744 3436 846 3502 terre,
871 3422 1033 3486 ciuitatem
1056 3423 1142 3507 regis
1165 3422 1289 3507 magni!
1319 3422 1347 3487 Ο
1371 3434 1492 3508 quanta
1515 3433 1584 3488 crat
1606 3423 1776 3505 exrdtatio,
1806 3424 1918 3491 nidere

245 3538 350 3604 locum
371 3540 474 3625 glorie
497 3538 577 3620 Tne,
598 3538 682 3603 bone
704 3539 816 3618 Ihesu,
848 3561 918 3601 cum
941 3537 1030 3601 locus
1052 3539 1226 3623 ignominie
1247 3538 1316 3602 Tne
1338 3550 1369 3603 55
1391 3540 1589 3604 confusionis
1611 3563 1683 3605 curn
1705 3552 1794 3605 tanto
1816 3545 1918 3628 tripu·

245 3653 298 3720 dio
320 3655 486 3721 uideatur!
509 3654 575 3720 Sed
596 3654 756 3732 omissis‘)
779 3653 927 3719 omnibus
950 3653 993 3717 ad
1015 3653 1189 3718 Ierusalem
1212 3657 1401 3739 quantocius
1423 3657 1599 3723 ueniamus.

194 3772 224 3824 11
369 3773 588 3837 Descenditur
609 3773 709 3858 igitur
730 3771 769 3834 dc
792 3782 918 3850 monte,
939 3781 971 3833 et
990 3771 1105 3833 iterum
1129 3771 1245 3834 ciuitas
1267 3770 1384 3835 dilecta
1406 3771 1592 3836 occultatur.
1633 3772 1715 3837 Item
1737 3774 1796 3838 sub
1819 3773 1919 3838 latere

245 3887 392 3953 orientali
415 3890 532 3951 montis
556 3888 665 3952 oliueti
688 3891 778 3952 iuxta
802 3891 989 3966 eertptaqe,
1021 3908 1082 3970 que
1106 3885 1147 3949 ad
1169 3889 1287 3950 iactum
1309 3886 1427 3972 lapidis
1451 3888 1652 3965 dirrrittiturss)
1679 3888 1721 3953 ad
1744 3891 1919 3971 sinistram,

245 4002 305 4068 snb
330 4014 437 4066 moute
458 4005 663 4085 offensionis,
696 4006 728 4067 in
752 4002 834 4066 55115
844 4051 852 4083 ,
883 4001 1008 4066 uiculus
1032 4002 1126 4067 ualde
1149 4026 1288 4089 paruus,
1322 4002 1506 4067 ascenditur
1536 4026 1594 4090 per
1616 4002 1699 4068 latus
1723 4006 1865 4070 australe
1888 4019 1920 4072 et

244 4121 370 4205 giratur
394 4142 485 4184 mons
508 4119 628 4184 olincti.
672 4121 809 4184 L'enitur
832 4118 874 4182 ad
895 4118 1015 4201 locum,
1046 4118 1101 4183 nbi
1123 4118 1282 4184 Dominus
1305 4122 1430 4183 asinum
1453 4120 1616 4200 ascendit,
1645 4132 1675 4184 et
1697 4123 1848 4187 continuo
1870 4146 1918 4187 re-

246 4235 393 4322 splendet
415 4236 532 4299 ciuitas
555 4258 627 4299 oum
650 4235 770 4321 templo
794 4246 825 4299 et
846 4233 982 4298 ecclesia
1006 4234 1118 4299 Sancti
1140 4233 1286 4320 Sepulcri
1310 4246 1341 4298 55
1370 4237 1489 4298 sanctis
1512 4235 1589 4299 locis
1613 4237 1737 4302 ceteris.
1782 4237 1919 4305 Uenitur

245 4374 322 4437 ergo
352 4349 395 4415 ad
423 4348 612 4413 descensum
642 4352 758 4415 montis
787 4349 911 4429 oliueti,
942 4349 995 4414 ubi
1023 4349 1127 4414 turbis
1148 4349 1395 4436 procedentibus
1419 4364 1449 4414 55
1473 4351 1678 4436 sequentibus
1701 4367 1731 4417 ct
1754 4353 1919 4419 clamanti·

245 4467 321 4531 bus:
355 4466 522 4547 „tisianna
543 4464 607 4528 tilio
630 4464 783 4529 1155151111
809 4480 839 4529 55
860 4465 1034 4530 letantibus
1056 4465 1225 4530 borredicto
1248 4468 1315 4530 eius
1338 4465 1479 4530 aduentu
1487 4517 1495 4547 ,
1518 4468 1593 4554 lpse
1616 4468 1730 4533 tridens
1753 4471 1917 4535 ciuitatem

312 4632 340 4693 5)
354 4630 434 4698 filius
453 4629 555 4698 pernici
573 4626 613 4683 St.
631 4658 662 4667 —
682 4628 710 4683 bl
728 4637 828 4682 rectam
846 4629 885 4684 St.
905 4639 997 4684 tectam
1016 4629 1042 4687 h.
1063 4661 1093 4670 -
1112 4634 1138 4701 c)
1156 4649 1208 4700 pao
1227 4629 1266 4684 St.
1286 4633 1388 4698 quode
1408 4632 1567 4686 coniectura
1584 4633 1715 4687 dedimus.
1736 4662 1766 4673 -·
1783 4634 1812 4703 d)
1829 4653 1921 4689 55555-

379 4714 422 4767 dit
439 4712 479 4768 St.
506 4712 661 4764 oscaulitm·
678 4710 704 4766 h.
728 4744 760 4751 -
787 4713 812 4781 5)
832 4715 896 4766 uide?
915 4714 954 4768 St.
980 4716 1073 4768 nidero
1092 4714 1117 4767 h.
1140 4716 1287 4767 irritantium
1315 4733 1330 4769 5
1354 4715 1513 4769 coniectura
1536 4716 1668 4773 dedimus.
1694 4749 1726 4756 -
1751 4718 1777 4785 f)
1796 4720 1922 4773 obrniaaia

380 4795 412 4851 St
424 4795 449 4852 h.
462 4828 493 4836 -
512 4802 541 4866 g)
560 4796 698 4848 disciditur
710 4795 748 4850 St.
766 4798 912 4850 dimittitur
923 4797 950 4852 b.

307 4941 378 5009 423)
404 4936 573 5011 Adonnnim}
608 4934 796 5007 Adummiur,
830 4957 932 4996 recens
966 4937 1064 4995 Kal'at
1107 4934 1299 4994 Vandovoldii
1319 4935 1447 4994 tabulam
1470 4939 1696 5018 geographicam
1720 4950 1788 4999 sect
1812 4948 1844 5010 o,
1872 4940 1921 5000 ubi

247 5035 374 5096 ed-Dem
407 5035 539 5094 dirutum
588 5035 687 5093 Aliam
718 5046 815 5094 tamon
842 5035 944 5094 urbem
967 5034 1062 5094 dicere
1106 5037 1263 5114 ascriptum
1285 5047 1329 5093 est
1350 5037 1559 5098 Betahudison.

246 5133 570 5192 videturBurclrardus.
589 5167 629 5176 —
651 5131 696 5192 Of.
718 5154 776 5192 van
799 5133 835 5192 de
858 5132 954 5192 Valde
976 5132 1063 5191 Mem.
1167 5161 1238 5229 425)
1262 5157 1302 5212 J]
1317 5158 1437 5233 Requm]
1457 5160 1544 5222 XVI·
1561 5168 1586 5222 5⁸

247 5253 275 5310 r·
291 5236 434 5402 13ξέἶὲ
430 5231 793 5406 ῗΖΣΕΞΣιΙΡῊΞΞᾞΜ
825 5329 1019 5390 &hubertum
1041 5333 1064 5389 a
1169 5283 1241 5353 55)
1265 5281 1344 5353 rapo
1365 5284 1456 5360 aeon]
1478 5284 1514 5344 V.
1537 5285 1657 5349 numer,
1680 5284 1817 5359 xxxu
1840 5290 1866 5346 a.

248 5428 396 5508 sequaris,
428 5442 471 5488 est
498 5450 600 5490 recens
622 5431 690 5490 Abu
712 5431 786 5505 Dis;
815 5429 894 5509 qnod
915 5438 1012 5488 tamen
1035 5431 1064 5487 in
1169 5404 1418 5481 411111111111111
1453 5428 1530 5466 1111111
1563 5408 1766 5488 01·’111111.1111·
1814 5407 1859 5468 Cf·
1893 5430 1921 5471 V·

248 5527 369 5588 dubium
398 5539 484 5586 vocat
511 5528 662 5588 Robinson
692 5530 757 5589 Pal.
784 5530 824 5589 lI.
854 5533 912 5590 312
944 5539 1014 5588 nota
1036 5536 1062 5588 4.
1106 5502 1235 5562 1111111111
1255 5522 1285 5581 P·
1309 5504 1377 5563 ²74·

249 5624 295 5687 111·
316 5626 409 5684 1111111
429 5625 489 5683 XV
513 5629 563 5699 ll)-
596 5633 670 5700 4873
699 5650 725 5687 V·
747 5627 876 5688 1111111111
904 5650 931 5707 p-
957 5632 1011 5690 158
1035 5644 1064 5687 et
1168 5634 1238 5705 428)
1259 5629 1374 5708 capella
1399 5630 1573 5705 rnnrrnoreo]
1603 5630 1649 5689 De
1672 5631 1810 5703 elaustro,
1841 5630 1921 5711 quod
