4214 6096
1015 369 1054 430 73

193 547 334 630 dia⁵¹⁰),
362 569 424 632 que
451 547 575 611 faciunt
600 545 632 610 V
659 544 898 627 milliaria⁵¹¹);
931 555 964 608 et
992 546 1052 610 iste
1080 544 1141 609 fuit
1170 546 1311 611 ambitus
1342 549 1482 611 ciuitatis
1512 559 1658 635 tempore
1683 553 1871 625 mersionis,

193 685 256 750 que
276 663 364 728 facta
385 673 434 728 est
456 684 515 748 per
535 661 710 743 Romanos,
733 663 815 724 sicut
837 659 917 725 dicit
936 660 1103 747 Iosephus.
1146 660 1212 725 Sed
1233 673 1348 747 postea
1368 661 1548 727 Christiani
1569 666 1732 729 ciuitatem
1756 668 1869 755 ampli-

190 778 418 857 licauerunt⁸),
448 776 649 841 includentes
671 776 778 842 locum
800 774 943 862 sepulcri
965 775 1109 841 Domini.
1151 777 1242 842 Dicit
1264 780 1348 842 enim
1372 778 1567 843 uenerabilis
1590 779 1739 846 dominus
1762 795 1793 848 et
1814 806 1871 870 pa·

193 906 243 957 ter
263 892 402 958 Iacobus
425 892 466 958 de
486 893 644 975 Uitriaco,
665 891 940 957 ierosolimitanus
962 892 1236 978 patriarcha⁵¹²)‚
1259 895 1294 958 in
1313 893 1398 958 libro
1419 917 1493 972 suo,
1515 916 1609 979 quem
1630 896 1670 960 de
1692 913 1869 985 conquesta

193 1022 280 1074 terre
301 1018 412 1075 sancte
434 1010 625 1096 composuit,
649 1011 733 1072 inter
754 1020 861 1073 cetera
882 1009 929 1071 ita
952 1008 1111 1074 scribens:
1133 1009 1215 1091 „Est
1234 1018 1343 1074 autem
1365 1011 1474 1096 sepius
1489 1013 1655 1075 nominata
1671 1023 1702 1076 et
1719 1037 1795 1100 sepe
1810 1039 1864 1080 no·

193 1123 348 1189 minanda
370 1127 486 1189 ciuitas
509 1123 683 1190 secundum
704 1147 814 1189 omnes
837 1126 906 1188 eius
927 1134 1037 1210 partes
1058 1127 1091 1189 in
1113 1136 1221 1189 monte
1245 1125 1375 1191 sublimi
1397 1128 1469 1206 sita,
1490 1148 1583 1190 muro
1605 1126 1712 1192 ualido
1728 1130 1870 1215 undique

194 1242 310 1321 cincta,
333 1262 394 1305 nec
414 1243 515 1305 nimia
537 1241 699 1325 paruitate
719 1253 874 1325 angusta,
897 1263 957 1304 nec
979 1241 1200 1326 magnitudine
1220 1243 1370 1326 cuiquam
1391 1240 1571 1307 fastidiosa,
1615 1242 1646 1307 A
1666 1267 1759 1308 muro
1782 1269 1869 1311 nam-

192 1376 256 1441 que
285 1377 388 1442 usque
416 1355 460 1420 ad
488 1378 613 1419 murum
642 1353 740 1418 habet
760 1354 956 1420 distanciam
977 1367 1132 1444 quantum
1154 1367 1268 1442 quater
1298 1357 1400 1421 bonus
1422 1370 1527 1443 potest
1547 1362 1655 1424 iacere
1677 1383 1787 1442 arcus,
1814 1363 1870 1426 ha·

192 1468 272 1535 bens
293 1474 429 1557 insuper
451 1494 471 1534 a
494 1479 588 1556 parte
612 1468 805 1533 occidentali
827 1473 1037 1537 munitionem
1059 1495 1101 1537 ex
1122 1472 1287 1557 lapidibus
1312 1473 1445 1559 quadris
1468 1497 1509 1537 ex
1533 1486 1677 1539 cemento
1693 1488 1724 1540 ct
1739 1476 1870 1562 plumbo

191 1585 460 1652 indissolubiliter
490 1586 768 1671 compaginatam,
803 1610 863 1673 que
892 1610 934 1651 cx
964 1611 1029 1653 uno
1051 1588 1152 1653 latere
1175 1611 1233 1674 pro
1256 1611 1348 1653 muro
1371 1599 1419 1652 cst
1441 1591 1565 1654 ciuitati
1589 1600 1620 1653 ct
1640 1595 1738 1656 turris
1760 1592 1871 1658 Dauid

193 1701 387 1790 appellatur.
429 1702 506 1789 lpsa
536 1700 650 1764 eadem
680 1709 745 1782 est,
776 1725 838 1789 que
865 1727 885 1767 a
914 1703 1110 1788 quibusdam
1138 1706 1242 1769 eciam
1262 1704 1397 1768 Antonii
1425 1705 1544 1769 dicitur
1571 1716 1603 1769 et
1630 1719 1770 1771 montem
1792 1711 1871 1774 Sion

193 1817 292 1883 habet
313 1818 355 1883 ab
378 1828 498 1900 austro,
520 1820 553 1881 in
575 1839 637 1903 quo
654 1817 767 1881 Dauid
788 1818 852 1882 sibi
873 1818 1095 1883 habitaculum
1112 1822 1198 1901 fecit,
1221 1823 1255 1884 in
1278 1845 1341 1905 quo
1364 1824 1466 1884 eciam
1490 1844 1562 1884 cum
1585 1820 1658 1885 aliis
1675 1823 1807 1908 regibus
1822 1838 1871 1890 est

193 1934 349 2020 sepultus.
391 1933 434 1997 Et
463 1955 534 1997 eam
565 1934 728 1996 ciuitatem
752 1933 865 1998 Dauid
892 1934 1077 2021 appellauit
1119 1935 1213 2000 Mons
1244 1946 1350 2000 autem
1378 1937 1539 2017 caluaria,
1569 1938 1603 1999 in
1625 1960 1687 2021 quo
1707 1939 1870 2006 Dominus

195 2060 243 2114 est
263 2050 447 2130 crucifixus,
468 2072 488 2113 a
511 2061 604 2135 parte
626 2048 803 2114 occidentis
821 2061 891 2115 erat
914 2064 1008 2116 extra
1028 2074 1156 2115 murum
1179 2054 1334 2134 ciuitatis,
1356 2053 1413 2116 sed
1435 2051 1552 2116 Helius
1570 2053 1737 2119 Adrianus
1759 2059 1869 2120 ciuita-

194 2176 260 2230 tem
295 2167 402 2252 ipsam
434 2188 492 2252 per
521 2165 631 2229 Titum
657 2176 697 2247 ‚et
725 2164 963 2252 Uespasianum
993 2167 1190 2232 destructam
1217 2170 1386 2255 repararit
1412 2180 1443 2232 et
1474 2171 1509 2232 in
1535 2181 1661 2233 tanturn
1690 2171 1868 2259 ampliauit,

196 2281 282 2369 qnod
308 2281 414 2346 locum
444 2283 663 2345 crucifixionis
690 2293 722 2345 et
750 2281 916 2367 sepulture
944 2285 1031 2348 intra
1059 2307 1223 2348 murorum
1251 2282 1408 2347 ambitum
1437 2285 1582 2367 inclusit,
1610 2290 1696 2350 omni
1718 2291 1781 2352 sitn
1802 2291 1870 2353 eius

195 2407 344 2463 manente
365 2407 401 2461 ut
423 2400 545 2484 prius.“
586 2398 783 2483 Hucusque
805 2399 906 2462 uerba
930 2399 1051 2464 domini
1072 2399 1193 2464 lacobi.

320 2513 471 2580 Ceterum
494 2513 534 2577 de
556 2517 656 2600 portis
681 2516 749 2578 eius
772 2526 803 2577 et
824 2514 986 2579 montibus
1010 2517 1098 2579 circa
1121 2538 1192 2578 cam
1215 2517 1330 2600 positis
1353 2525 1384 2579 et
1406 2515 1486 2580 locis
1509 2518 1577 2580 cius
1600 2517 1807 2586 disseramus.
1889 2540 1903 2588 5

319 2630 430 2694 Prima
459 2631 558 2714 igitur
584 2643 653 2693 erat
676 2643 769 2709 porto
794 2632 978 2708 9111111513).
1022 2632 1094 2710 Quo
1121 2642 1192 2695 erat
1219 2632 1252 2692 in
1284 2630 1385 2694 latere
1413 2635 1530 2696 montis
1554 2634 1632 2698 Sion
1654 2649 1765 2700 contra
1787 2640 1869 2702 occi·

195 2744 332 2826 dentem,
351 2745 407 2809 ubi
428 2755 498 2808 erat
519 2745 656 2829 angulus
678 2749 818 2810 ciuitatis
840 2747 1002 2810 inferioris
1023 2748 1192 2832 oppositus
1201 2749 1226 2824 b)
1249 2749 1332 2810 turri
1349 2746 1472 2829 Dauid,
1495 2750 1529 2811 in
1550 2748 1621 2815 loco
1643 2750 1709 2832 illo,
1730 2750 1786 2815 ubi
1809 2753 1870 2817 due

194 2862 366 2946 uoragines
386 2883 406 2924 a
428 2882 463 2925 se
485 2863 624 2925 inuicem
647 2862 900 2947 separabantur,
931 2885 1066 2947 quarum
1097 2885 1161 2926 una
1183 2873 1295 2926 contra
1317 2862 1520 2949 aquilonem,
1549 2862 1614 2928 alia
1636 2865 1835 2952 procedebat
1844 2886 1868 2945 ι·)

195 2988 308 3041 contra
337 2979 503 3041 orientem.
546 2977 589 3041 Et
616 2989 686 3040 erat
714 2977 760 3041 ibi
787 2979 914 3044 testudo
927 2982 984 3057 511)
1014 2982 1100 3043 facta
1131 2979 1214 3042 ultra
1241 2977 1358 3042 uallem
1381 2990 1494 3042 contra
1513 2990 1660 3065 portam,
1692 3004 1751 3066 per
1774 3006 1869 3068 quam

194 3106 265 3158 erat
290 3095 396 3158 exitus
420 3095 570 3158 ciuitatis.
612 3093 666 3156 Ad
688 3093 838 3158 dextram
862 3094 956 3159 huius
978 3095 1148 3160 testudinis
1170 3100 1266 3156 Iudas
1286 3097 1320 3158 in
1342 3117 1512 3180 sycomoro
1542 3095 1682 3181 quodam
1703 3097 1817 3183 laqueo
1840 3123 1870 3161 se

195 3211 430 3290 suspendam).
472 3209 575 3286 lstad)
604 3223 696 3288 porto
725 3209 893 3275 dicebatur
911 3216 1055 3291 piscium,
1086 3214 1162 3297 quia
1195 3233 1345 3298 peream
1369 3213 1424 3275 uia
1446 3224 1517 3276 erat
1537 3213 1577 3276 de
1599 3213 1699 3298 loppc
1722 3228 1752 3277 et
1772 3215 1869 3280 Dios·

197 3325 296 3412 poli⁰)
321 3337 354 3389 et
378 3326 558 3406 maritima,
586 3324 671 3389 unde
693 3324 893 3390 ducebantur
914 3329 1030 3413 pisces.
1074 3326 1287 3403 Dicebaturs)
1316 3337 1423 3391 autern
1448 3333 1683 3407 aepociotorum,
1712 3333 1789 3416 quia
1811 3354 1869 3417 per

197 3464 268 3505 eam
300 3444 355 3505 nia
383 3452 453 3504 erat
482 3446 516 3504 in
536 3440 725 3505 Bethlehem
745 3443 831 3505 etin
851 3442 964 3507 Ebron
983 3453 1015 3507 ct
1036 3442 1162 3507 Gazam
1183 3453 1214 3506 ct
1235 3445 1269 3507 in
1289 3443 1458 3529 Egyptum
1480 3456 1511 3508 et
1532 3444 1727 3531 Ethiopiam.
1772 3447 1869 3514 Dice·

196 3556 292 3622 batur
311 3561 412 3621 eciam
436 3568 530 3642 porta
549 3555 670 3633 Dauid,
691 3558 767 3640 quia
789 3560 886 3621 turris
907 3558 1018 3622 Dauid
1041 3573 1073 3623 et
1094 3561 1208 3623 ciuitas
1232 3561 1376 3625 eiusdem
1397 3560 1609 3624 imminebant
1618 3565 1643 3636 g>
1666 3560 1814 3646 desuper.

320 3672 470 3738 Secunda
498 3685 594 3759 porta
621 3671 662 3735 ab
690 3673 753 3735 ista
780 3673 840 3738 fuit
864 3677 898 3738 in
926 3676 1040 3739 eadem
1064 3692 1159 3762 parte
1186 3679 1285 3756 nturi,
1315 3679 1493 3762 respiciens
1516 3675 1638 3740 scilicet
1660 3678 1868 3761 occidentem,
1981 3686 1987 3697 '

259 3846 287 3905 a)
307 3838 527 3908 atriplicaneruat
544 3840 583 3891 St.
603 3838 807 3906 eruptione-nat
823 3837 848 3891 h.
867 3869 900 3879 —
925 3838 952 3904 b)
972 3842 1001 3892 ia
1015 3841 1099 3908 floreis
1117 3840 1253 3910 oppositis
1272 3837 1312 3893 St.
1332 3840 1480 3909 irp‘eiioris
1498 3841 1642 3909 oppositus
1659 3840 1686 3894 h.
1705 3871 1737 3880 -
1762 3844 1788 3911 c)
1804 3862 1871 3913 pro·

330 3922 474 3975 emessa
491 3923 530 3976 st.
547 3923 712 3991 presciebat
728 3922 753 3976 11.
775 3953 807 3959 --
828 3923 856 3991 (1)
875 3924 915 3976 itu
934 3924 973 3978 st.
992 3927 1046 3977 ista
1064 3924 1091 3980 h.
1116 3955 1146 3963 -
1169 3928 1194 3990 e)
1213 3922 1339 3993 ‹iiuapoli
1355 3924 1393 3977 St.
1416 3954 1450 3963 —
1472 3922 1499 3987 f)
1519 3925 1682 3977 dicebantur
1698 3924 1738 3979 St.
1762 3928 1869 3981 dicabo·

330 4013 374 4058 tur
394 4005 419 4059 h.
438 4036 470 4045 -
488 4009 518 4075 gl
535 4007 690 4058 intremebat
708 4007 740 4060 St
753 4004 778 4059 h.

258 4164 330 4232 510)
353 4161 474 4217 exibunt
499 4167 536 4219 tc
561 4161 670 4234 stadio]
703 4158 779 4219 Sunt
807 4167 844 4221 43
868 4161 964 4220 stadia
985 4174 1013 4221 et
1055 4165 1175 4234 referat,
1204 4161 1379 4241 Staphorstii
1402 4165 1547 4222 sententia
1568 4165 1596 4221 in
1618 4186 1652 4223 eo
1679 4165 1731 4222 niti
1750 4165 1873 4237 videtur,

195 4262 237 4319 25
256 4278 376 4337 passus,
405 4258 458 4318 sed
478 4279 616 4318 numerus
643 4259 867 4319 corrotundatus
888 4281 951 4319 esse
973 4264 1013 4319 vi·
1056 4261 1134 4342 quod
1155 4262 1202 4320 hic
1223 4262 1311 4340 pleno
1335 4263 1467 4338 rronrine,
1490 4261 1598 4322 additis
1620 4264 1777 4335 honorum,
1799 4285 1872 4343 quos

195 4357 289 4417 detur.
1057 4363 1165 4433 dicunt,
1187 4361 1277 4420 titulis
1300 4362 1464 4440 appelletur
1477 4361 1612 4421 Iacobus.
1658 4360 1718 4421 Sed
1740 4364 1776 4422 ct'.
1798 4362 1871 4419 Wil-

258 4462 329 4528 511)
370 4458 394 4515 V
424 4456 577 4531 milliaria]
610 4456 745 4516 &stadia
771 4471 899 4536 aequant
926 4479 1012 4516 unum
1056 4460 1201 4519 brundam
1223 4459 1260 4518 de
1281 4459 1472 4518 Aldenhoreh
1495 4462 1517 4520 l.
1540 4480 1631 4519 xxvrr.
1658 4467 1701 4532 17,
1726 4461 1774 4519 ubi
1798 4460 1872 4519 ller-

197 4557 363 4615 milliarium
383 4576 543 4614 romanum.
1056 4581 1180 4618 mannus
1207 4560 1243 4616 de
1270 4559 1429 4635 Lugonne‚
1457 4562 1589 4637 quamvis
1618 4560 1679 4616 vita
1708 4558 1872 4630 defunctus,

259 4660 330 4731 512)
363 4657 444 4714 Dicit
472 4656 547 4712 enim
575 4687 615 4696 —
640 4657 833 4730 patriarcha}
866 4655 910 4716 cf.
939 4676 1013 4734 qnae
1055 4659 1140 4714 simili
1166 4658 1277 4715 ratione
1307 4658 1393 4735 pleno
1415 4660 1532 4716 nonrinc
1552 4657 1725 4736 appellatur.
1767 4658 1872 4736 Neque

195 4755 232 4817 de
260 4775 381 4815 munere
412 4753 595 4834 patriarchae
618 4754 645 4813 h.
668 4755 686 4815 l.
715 4775 811 4814 errore
837 4754 946 4813 Iacobo
976 4753 1013 4812 de
1055 4756 1258 4831 intelligimus,
1284 4778 1334 4814 cur
1355 4778 1413 4815 non
1434 4757 1551 4814 honoris
1574 4767 1604 4814 et
1623 4757 1800 4815 auctoritatis
1822 4777 1871 4815 au·

195 4854 323 4915 Vitriaco
357 4854 504 4932 adscripto
526 4856 731 4912 annotavimus
752 4874 840 4932 supra
863 4866 932 4911 nota
954 4857 1011 4912 280
1054 4853 1169 4930 gandae
1203 4875 1293 4912 causa
1323 4857 1492 4934 scriptorem
1521 4855 1753 4933 qualemcunque
1783 4856 1871 4934 pleno

198 4953 235 5013 ad
255 4954 309 5014 VI.
333 4961 360 5015 5.
403 4951 463 5011 Sed
492 4972 528 5009 ex
557 4951 612 5007 hoc
634 4966 733 5009 nostro
756 4952 916 5010 Bnrehardi
939 4952 1013 5022 loco,
1055 4957 1172 5011 nominc
1189 4955 1277 5010 citare
1298 4955 1424 5032 potnerit
1445 4953 1639 5012 lturchardns

196 5053 243 5111 cui
263 5055 443 5131 superiorem
464 5050 546 5107 illum
561 5048 682 5107 adderet
700 5051 812 5123 licebat,
835 5051 928 5109 Nicol.
947 5049 1013 5108 Sta·
1118 5056 1188 5123 513)
1211 5062 1304 5125 porto
1331 5053 1444 5126 Dauid]
1482 5052 1570 5109 Nunc
1604 5062 1689 5128 porta
1714 5053 1872 5132 lappensis,

196 5151 342 5230 phorstius
362 5152 392 5209 in
416 5149 536 5208 historia
554 5148 696 5206 ecclesiae
711 5149 932 5229 hamburgensis
947 5170 1012 5229 par·
1054 5151 1118 5208 Bab
1140 5149 1295 5220 el-Khalil,
1318 5152 1387 5208 elim
1410 5150 1474 5207 Bab
1496 5150 1662 5208 el-Mihrab.
1699 5149 1734 5210 l'.
1759 5152 1872 5213 'l'obler

195 5252 231 5310 tis
259 5251 353 5310 Ivcl.
374 5251 424 5309 111
453 5270 483 5327 p.
508 5252 565 5307 355
595 5248 710 5305 efficere
732 5248 837 5327 voluit,
869 5250 1012 5307 Burchar-
1056 5249 1189 5327 'l'epogr¹
1213 5270 1239 5305 v.
1261 5248 1360 5307 Jerus.
1382 5248 1405 5307 l.
1432 5253 1487 5306 144
1509 5268 1572 5326 sqq.
1598 5254 1653 5307 lca
1676 5269 1718 5328 sq.
1746 5256 1812 5313 173.

196 5347 380 5428 dumlacobi
402 5350 438 5407 de
452 5347 582 5405 Vitriaco
604 5355 742 5425 tanquam
762 5349 820 5405 viri
836 5351 1012 5408 mentionem
1119 5352 1190 5421 514)
1210 5348 1333 5420 testudo]
1361 5345 1397 5404 Υ.
1421 5344 1533 5403 'l'obler
1555 5345 1686 5424 'l'opogn
1709 5370 1735 5409 v.
1758 5351 1822 5411 Jer.
1846 5354 1871 5411 l.

196 5448 294 5508 iniisse
317 5451 405 5522 („von
427 5447 567 5505 walchem
581 5464 669 5502 unser
685 5444 838 5504 Verfasser
853 5449 897 5506 als
918 5449 1013 5506 ciuem
1057 5452 1111 5507 ’111
1138 5459 1199 5506 not.
1227 5456 1248 5506 1.

195 5546 271 5606 noch
300 5545 446 5606 lebenden
477 5544 596 5619 redet‘).
639 5546 674 5602 ln
696 5564 753 5623 sque
776 5565 870 5605 errare
893 5545 1014 5606 videtur.
1121 5553 1190 5617 515)
1213 5546 1404 5602 Iudas—se
1419 5543 1581 5618 suspendit]
1606 5543 1642 5604 V.
1663 5544 1776 5605 'l'obler
1793 5547 1870 5627 Tap.

197 5643 296 5718 Quum
323 5647 401 5706 enim
428 5655 542 5723 ternpus
572 5663 711 5723 praesens
738 5642 818 5702 verbi
845 5645 916 5702 dicit
943 5644 1015 5703 nihil
1057 5666 1083 5703 v.
1105 5644 1205 5703 Jerus.
1226 5644 1251 5705 1,
1275 5648 1344 5702 211.
1366 5645 1434 5703 tle.

1632 5759 1661 5807 10
