4214 6096
1014 366 1053 427 59

191 566 253 609 nus
266 544 340 625 ³⁰⁵),
360 563 421 608 rex
441 542 630 619 Ierusalem,
658 543 821 608 editicauit
841 566 901 629 pro
922 565 1024 630 regno
1044 545 1222 609 Ierusalem
1244 543 1424 624 dilatando,
1448 543 1505 607 sed
1527 565 1612 607 nnnc
1635 542 1796 608 Soldanus
1809 546 1873 619 999).

192 670 281 725 tenet
302 658 384 724 illud
406 669 438 723 et
457 660 585 745 reponit
604 658 650 723 ibi
673 660 859 724 thesaurum
881 660 985 725 tocius
1008 661 1131 747 Egypti
1154 673 1186 725 et
1206 659 1337 724 Arabis.

315 790 368 857 De
382 791 494 856 Krach
507 790 550 856 ad
565 790 646 855 duas
663 790 766 856 dietas
783 803 896 857 contra
914 791 1134 870 uulturnum⁸)
1150 803 1199 857 est
1216 796 1394 872 Areopolisb
1404 793 1473 871 997),
1490 813 1575 854 nunc
1588 794 1682 852 Petra
1700 788 1786 854 dicta
1798 791 1866 871 999),
1884 809 1916 858 ta

191 908 381 995 metropolis
403 908 506 971 tocius
528 906 652 971 Arabie
675 907 831 990 secunde,
864 906 904 971 de
933 929 997 994 qua
1020 907 1141 974 dictum
1164 919 1213 973 est
1234 930 1341 995 supra.
1385 906 1471 973 Olim
1493 918 1603 970 tamen*
1622 911 1667 967 Ar
1688 905 1865 987 dicebatur,

191 1036 224 1089 et
245 1033 316 1089 erat
337 1028 371 1087 in
392 1031 534 1088 torrente
555 1027 660 1085 Arnon
681 1025 762 1105 sita,
784 1024 817 1087 in
840 1024 976 1088 confinio
998 1022 1219 1089 Moabitarum
1240 1036 1272 1089 et
1293 1023 1551 1088 Ammonitarum
1574 1032 1604 1085 et
1626 1021 1867 1086 Amorreorum.

316 1155 354 1220 In
377 1155 490 1220 eodem
511 1153 619 1219 littore
641 1165 688 1219 cst
711 1155 808 1236 locus,
829 1154 884 1219 ubi
906 1154 1043 1220 Balaam
1065 1156 1124 1220 suit
1147 1156 1262 1220 ductus
1282 1157 1315 1219 111
1337 1166 1489 1220 montana
1510 1152 1618 1233 Moab,
1639 1165 1673 1217 ut
1693 1136 1916 1226 maledice-214

190 1284 239 1337 ret
259 1271 336 1336 filiis
358 1269 469 1336 Israel.

286 1495 289 1499 .
319 1413 371 1476 De
391 1410 516 1475 Iericho
546 1410 686 1496 quinque
714 1409 812 1474 leucis
843 1421 955 1474 contra
983 1411 1118 1474 africum
1141 1423 1189 1475 cst
1211 1415 1305 1490 Sapor
1318 1411 1374 1487 999)
1402 1409 1552 1496 opidum,
1584 1408 1644 1472 sub
1673 1419 1780 1473 monte
1800 1406 1864 1471 En·
1884 1436 1915 1487 45

190 1528 372 1617 gaddi⁴⁰⁰),
393 1528 477 1591 inter
499 1547 593 1612 quem
616 1535 758 1589 otmaro
781 1536 943 1590 mortuum
965 1539 1014 1590 est
1036 1540 1066 1591 et
1086 1540 1187 1589 statua
1209 1531 1283 1588 salis
1298 1528 1366 1608 ⁴⁰¹),
1390 1527 1424 1591 in
1446 1549 1543 1613 quam
1564 1523 1739 1591 secundum
1761 1522 1866 1588 Gene-

193 1645 310 1731 1111999)
334 1666 417 1708 uxor
439 1641 523 1706 Loth
544 1641 604 1704 fuit
625 1662 729 1705 uersa.
772 1640 837 1706 Pro
859 1664 923 1728 qua
946 1640 1087 1706 uidenda
1108 1641 1244 1706 multum
1265 1641 1423 1722 laborum,
1445 1641 1503 1706 sed
1525 1642 1677 1705 dixerunt
1699 1638 1776 1703 mihi
1792 1638 1866 1703 Sar·

192 1763 318 1835 raceni,
347 1757 433 1845 quod
462 1757 550 1823 locus
581 1778 645 1820 non
674 1768 759 1821 esset
784 1766 872 1821 tutus
894 1772 1028 1844 propter
1050 1757 1172 1822 bestias
1195 1769 1226 1822 et
1254 1773 1420 1844 serpentes
1440 1769 1472 1822 ct
1492 1778 1640 1838 uermes3
1673 1768 1704 1819 ct
1725 1755 1867 1819 maxime

193 1892 326 1967 propter
347 1873 537 1953 Bodwinos,
570 1873 626 1956 qui
654 1870 726 1937 loca
752 1871 807 1936 illa
831 1872 1030 1953 inhabitant,
1062 1875 1162 1939 fortes
1190 1885 1223 1938 et
1244 1874 1320 1938 mali
1341 1876 1447 1937 nitriis.
1489 1872 1557 1937 Ista
1578 1883 1784 1937 retraxerunt
1806 1893 1866 1946 me,

191 1992 278 2082 quod
300 2015 363 2057 neu
384 1991 537 2077 processi.
582 1986 733 2074 Comperi
755 2000 863 2053 tamen
885 2000 1009 2074 postea,
1031 1988 1118 2075 quod
1139 2012 1203 2054 uon
1227 2006 1296 2055 crat
1318 1993 1373 2054 ita.

316 2131 426 2197 Habet
454 2141 560 2194 autem
588 2151 669 2188 artare
695 2140 840 2189 niortaum
870 2129 903 2192 in
923 2128 1108 2209 latitudine,
1142 2152 1204 2216 que
1226 2130 1430 2216 protenditur
1452 2126 1494 2191 ab
1517 2128 1640 2192 oriente
1661 2130 1696 2192 in
1719 2128 1867 2193 occiden·
1884 2156 1917 2206 40

193 2259 268 2331 tem,
289 2248 337 2312 VI
357 2248 482 2327 leucae,
515 2246 547 2308 in
569 2242 770 2327 longitudine
793 2266 885 2326 uero,
920 2267 982 2331 que
1004 2245 1207 2331 protenditur
1228 2247 1270 2311 ab
1293 2246 1441 2333 aquilone
1468 2246 1501 2308 111
1521 2259 1682 2325 austrum,
1714 2243 1866 2308 dixerunt

195 2365 273 2431 mihi
295 2363 478 2441 Sarraceni,
502 2360 545 2425 ad
567 2360 707 2446 quinque
729 2357 920 2443 dietas403),
947 2384 1073 2447 semper
1096 2363 1227 2426 sinuans
1252 2373 1283 2425 et
1302 2360 1523 2442 tenebrosum,
1546 2361 1631 2427 siout
1654 2362 1798 2424 caminus
1819 2360 1865 2422 in·

195 2482 286 2545 ferni.
327 2478 432 2543 Multa
461 2475 645 2542 scribuntur
673 2483 704 2537 ct
732 2473 882 2539 dicuntur
907 2499 925 2539 a
953 2476 1092 2541 diuersis
1121 2476 1161 2541 de
1190 2479 1272 2541 mari
1301 2479 1380 2556 isto,
1412 2499 1473 2562 que
1496 2487 1687 2563 pertranseo
1709 2484 1865 2559 tanquam

194 2596 300 2661 multis
321 2605 413 2676 nota3
436 2593 497 2658 hoc
521 2601 630 2655 tamen
651 2589 827 2671 sciendum,
848 2594 941 2678 quia,
964 2593 1051 2679 quod
1072 2593 1172 2657 oeulis
1195 2594 1274 2657 meis
1296 2592 1364 2656 uidi
1386 2606 1417 2656 et
1440 2592 1547 2678 plures
1570 2592 1625 2657 alii
1648 2614 1787 2672 mecum,
1818 2612 1865 2654 se-

194 2733 269 2777 cure
298 2711 406 2775 dicere
436 2709 558 2787 audeo,
587 2705 674 2793 quod
704 2705 744 2769 de
767 2728 888 2792 uapore
916 2708 1010 2772 huius
1032 2712 1134 2772 maris
1161 2719 1228 2773 tota
1250 2713 1396 2770 conuallis
1421 2708 1493 2790 illa,
1523 2732 1584 2797 que
1607 2707 1777 2773 dicebatur
1799 2710 1865 2768 illu-

196 2829 353 2908 stria⁴⁰⁴),
388 2838 419 2891 et
439 2827 509 2889 iure
532 2826 578 2888 sic
601 2831 687 2903 erat,
723 2822 827 2888 afine
846 2823 940 2888 huius
962 2827 1060 2889 maris
1068 2875 1077 2906 ,
1110 2827 1165 2912 qui
1187 2826 1290 2889 estin
1318 2824 1445 2890 deserto
1466 2824 1612 2906 Pharan,
1644 2846 1744 2911 usque
1767 2844 1866 2908 supra

194 2943 319 3009 Iericho
347 2941 391 3008 ad
418 2940 587 3006 dimidiam
615 2936 735 3002 dietam
760 2939 828 3003 scre
856 2939 984 3004 reddita
1013 2954 1061 3005 cst
1087 2940 1227 3021 inutilis,
1259 2946 1303 3005 ita
1325 2952 1361 3005 ut
1383 2963 1442 3005 nec
1461 2963 1597 3026 gramen
1618 2942 1782 3028 proferat,
1809 2959 1868 3003 neo

195 3081 328 3147 germen
348 3056 479 3145 aliquod
503 3056 631 3121 omnino
654 3077 713 3140 per
733 3065 836 3118 totam
857 3054 1061 3121 latitudinem
1084 3080 1191 3139 suam,
1222 3080 1283 3143 qne
1306 3058 1448 3143 quinque
1469 3056 1520 3120 uel
1544 3080 1602 3121 sex
1624 3055 1797 3144 aliquando
1819 3066 1867 3119 est

194 3175 373 3256 leucarum,
402 3175 464 3237 nisi
494 3174 586 3236 iuxta
612 3171 777 3234 ciuitatem
798 3171 940 3253 Iericho,
969 3172 1024 3237 uhi
1053 3195 1154 3237 carme
1184 3173 1288 3237 mellis
1318 3184 1349 3237 et
1380 3172 1500 3237 iardini
1521 3184 1553 3237 ct
1572 3175 1634 3238 orti
1656 3175 1804 3256 rigantur
1827 3170 1867 3234 dc

193 3293 280 3357 fonte
297 3289 430 3355 Helisei.
472 3287 516 3351 Et
537 3294 619 3363 est⁰)
642 3285 843 3351 tremendum
867 3311 926 3373 pro
949 3300 1036 3353 certo
1059 3289 1123 3354 Dei
1146 3288 1315 3369 iudicium,
1346 3291 1401 3375 qui
1429 3311 1487 3374 per
1508 3300 1555 3352 tot
1577 3287 1685 3352 secula
1708 3309 1866 3352 annorum

258 3490 285 3557 a)
304 3486 466 3541 waltarium
485 3483 524 3539 St.
542 3515 576 3524 —
594 3484 621 3553 b)
640 3483 783 3554 areopolis
803 3482 842 3537 St.
862 3514 893 3524 —
911 3488 937 3551 c)
955 3492 980 3538 et
998 3502 1015 3537 o
1032 3488 1195 3542 tremendum
1214 3486 1246 3541 St
1259 3487 1285 3543 h.

192 3698 256 3737 rum
278 3687 336 3745 est,
371 3676 457 3734 etiam
478 3673 608 3733 Mentem
629 3673 759 3750 regalem
786 3669 932 3731 interdum
952 3672 1009 3730 dici
1051 3676 1090 3735 ba
1111 3678 1284 3736 confirmant
1305 3675 1442 3732 llaumeri
1463 3674 1646 3744 sententiam,
1668 3676 1716 3753 qui
1735 3676 1868 3754 Areopo-

194 3777 291 3835 Kcrel·
317 3772 539 3843 enh-Schdbek,
564 3775 605 3830 ita
632 3783 663 3829 ut
691 3792 742 3851 per
770 3790 801 3830 se
825 3790 883 3829 nou
905 3771 1009 3829 inituia
1050 3776 1101 3834 lim
1129 3777 1217 3835 etiam
1238 3776 1355 3833 Petram
1387 3772 1493 3830 dictam
1517 3770 1667 3830 contendit
1689 3784 1789 3832 contra
1810 3774 1869 3834 lto·

192 3874 278 3935 Mons
299 3874 361 3933 real
383 3873 411 3931 h.
432 3873 450 3933 l.
473 3872 585 3930 dicatur
604 3890 668 3931 csse
690 3869 800 3930 Krach.
832 3867 892 3927 Sed
906 3869 1009 3927 Kerek
1052 3873 1213 3934 hinsonum.
1256 3873 1292 3932 V.
1315 3872 1532 3930 annotationem
1556 3875 1623 3930 393.

192 3975 306 4055 quoties
331 3993 396 4032 eum
416 3973 505 4030 Petra
527 3970 633 4030 deserti
657 3970 854 4044 coniungitur,
882 3967 943 4026 fere
965 3978 1010 4026 est
1112 3976 1183 4045 399)
1208 3972 1308 4048 Sapor]
1341 3969 1452 4047 Segor,
1486 3971 1509 4027 si
1537 3989 1642 4027 nornen
1665 3980 1796 4048 spectes,
1824 3982 1868 4030 est
1974 3980 1977 3985 ’

191 4071 363 4135 KirMoab.
403 4070 438 4131 V.
459 4090 517 4129 vau
539 4069 576 4128 de
597 4067 693 4127 Valde
715 4067 837 4126 Memoir
859 4089 887 4146 p.
912 4070 978 4128 329.
1051 4072 1171 4150 antiqua
1194 4070 1279 4141 Zoar,
1300 4068 1381 4138 Bela,
1402 4067 1454 4127 sed
1472 4067 1657 4126 Burohardus
1679 4068 1749 4126 dicit
1770 4090 1867 4129 recen·

255 4173 327 4243 395)
349 4169 550 4244 Baldewiaas]
583 4167 745 4226 Balduinus
773 4168 788 4225 Ι
821 4186 898 4224 anno
934 4172 1008 4226 1115
1051 4180 1109 4227 tem
1131 4168 1336 4231 Mar-Sabam.
1364 4186 1439 4246 quae
1467 4167 1555 4243 longe
1585 4168 1716 4246 superius
1738 4169 1794 4226 sita
1815 4180 1867 4241 est,

191 4269 323 4330 condidit
339 4268 469 4327 Mentem
481 4267 619 4344 regalem.
652 4266 690 4326 V.
705 4265 857 4325 Robinson
872 4264 935 4324 Pal.
950 4265 1007 4323 Ill.
1050 4288 1137 4346 quam
1153 4266 1242 4325 Wadi
1265 4265 1409 4326 el·Kcrak
1431 4284 1454 4324 s.
1471 4263 1560 4322 Wadi
1581 4265 1768 4337 ed-Dera'ah,
1790 4267 1867 4347 quod

196 4372 363 4430 120-122.
1050 4380 1095 4426 est
1117 4367 1266 4446 antiquum
1290 4365 1373 4424 Zoar.
1417 4363 1463 4424 cf.
1484 4386 1510 4424 v.
1534 4365 1662 4423 Raumer
1681 4387 1709 4444 p.
1733 4369 1801 4425 290.

252 4473 322 4539 396)
344 4486 423 4525 aune
444 4465 603 4539 Saldanus]
625 4465 756 4523 Mentem
778 4463 908 4540 regalem
929 4482 1007 4521 anno
1113 4473 1185 4537 4991
1209 4465 1358 4540 Ertpaddr]
1383 4463 1450 4521 Vid.
1470 4483 1545 4543 quae
1567 4465 1771 4522 annotavimus
1793 4464 1868 4522 infra

196 4570 271 4629 1188
304 4567 486 4644 expugnavit
514 4563 680 4623 Saladimrs.
724 4560 884 4621 Burchardi
912 4571 1007 4619 autem
1051 4564 1089 4622 ad
1121 4576 1190 4623 sect.
1220 4567 1267 4624 52.
1316 4563 1402 4621 Mons
1434 4562 1547 4622 Usdimr
1576 4561 1604 4620 11.
1634 4562 1650 4621 l.
1682 4562 1869 4620 confunditur

191 4663 371 4744 temporibus
393 4683 460 4722 eum
479 4665 607 4722 tenuisse
631 4660 862 4721 videturMalek
883 4661 1007 4719 111111111-
1050 4685 1115 4723 cum
1137 4664 1195 4721 alio
1218 4672 1315 4721 monte
1337 4662 1424 4738 louge
1444 4662 1576 4740 superius
1595 4662 1658 4722 sito,

191 4784 241 4823 sur
268 4762 429 4832 Kalamon,
459 4760 598 4820 Sullanus
621 4761 767 4839 Aegypti,
798 4762 846 4839 qui
876 4761 1009 4837 regnavit
1114 4768 1184 4834 101)
1212 4770 1313 4818 statua
1343 4762 1424 4836 salis]
1460 4759 1563 4818 Statua
1597 4760 1648 4818 illa
1674 4780 1750 4818 nunc
1781 4760 1867 4838 longe

192 4862 230 4921 ab
251 4882 329 4920 anno
350 4860 418 4920 inde
444 4865 520 4921 1279
543 4860 695 4939 usquead
718 4879 826 4917 anuum
853 4863 936 4918 1290.
973 4858 1008 4918 V.
1051 4862 1170 4920 inferius
1202 4859 1238 4918 ad
1267 4861 1370 4931 tinem,
1398 4878 1473 4938 quae
1501 4857 1539 4916 ad
1566 4859 1698 4915 Africum
1729 4859 1784 4916 sita
1815 4871 1866 4931 est,

194 4959 314 5019 Willren
332 4959 386 5018 Kr.
403 4958 472 5019 VH.
489 4963 562 5035 6523
585 4958 695 5017 Friedr.
719 4957 813 5017 Rehm
832 4956 1009 5016 Geschichte
1052 4961 1139 5018 maris
1161 4961 1264 5017 mortui
1287 4957 1457 5018 ostenditur.
1488 4956 1534 5016 Cf.
1557 4956 1649 5014 Ritter·
1669 4955 1756 5015 XlV.
1782 4963 1866 5019 1056.

192 5058 243 5119 dos
264 5057 451 5118 Mittelalters
483 5058 600 5116 Partem
624 5059 654 5117 11
685 5058 763 5117 Sect.
786 5058 833 5117 lll
855 5078 883 5136 p.
906 5063 944 5119 94
964 5076 1008 5136 sq.
1051 5058 1111 5117 XV
1132 5060 1188 5130 (1).
1213 5062 1280 5117 733.

192 5168 221 5217 et
241 5158 372 5217 tabulam
400 5157 621 5235 genealogicam
643 5156 685 5215 Vl
709 5156 746 5215 ad
768 5156 786 5218 1,
810 5156 837 5210 V
860 5177 883 5216 e.
908 5159 925 5216 2
948 5156 968 5233 ξ
991 5160 1007 5216 3
1113 5159 1184 5227 192)
1206 5158 1364 5214 secandam
1389 5153 1528 5228 Genesin]
1552 5152 1640 5212 XIX.
1666 5157 1712 5213 16.

192 5277 221 5337 p.
242 5260 292 5318 88.
673 5271 676 5275 ’
1115 5260 1186 5323 403)
1208 5255 1306 5311 Habet
1337 5262 1432 5311 autem
1461 5272 1543 5308 arture
1582 5261 1726 5309 mortuam
1755 5286 1797 5295 -—
1828 5257 1869 5312 ad

255 5360 326 5427 397)
346 5354 512 5430 Areopolis]
544 5355 694 5432 antiquum
721 5352 899 5423 Ar-Moab,
931 5353 1009 5413 Rab-
1053 5355 1178 5432 quiaque
1198 5352 1301 5427 dietus]
1337 5352 1418 5409 Mare
1446 5359 1590 5408 mortuum
1619 5361 1700 5428 patet
1721 5353 1750 5409 111
1774 5353 1868 5410 latitu-

192 5451 620 5525 bath·Moab,recensRabba.
653 5452 689 5512 V.
709 5472 734 5511 v.
753 5452 881 5511 Raumer
897 5475 924 5532 p.
943 5457 1010 5524 237,
1053 5454 1151 5512 dinem
1177 5452 1311 5511 milliaria
1341 5450 1417 5528 2¹52,
1448 5451 1475 5507 in
1506 5447 1717 5525 longitudinem
1745 5458 1787 5511 111.
1832 5450 1868 5509 V.

191 5570 249 5611 van
270 5552 307 5613 de
330 5551 425 5612 Valde
444 5554 566 5611 momoir
588 5572 614 5631 p.
638 5555 705 5611 287.
1052 5575 1079 5612 v.
1102 5553 1231 5611 Raumer·
1253 5573 1281 5629 p.
1306 5556 1352 5611 55.

255 5655 325 5725 398)
346 5672 424 5710 nanc
439 5653 531 5709 Petra
556 5650 644 5724 dicta]
670 5650 753 5709 Haec
768 5650 929 5710 Barchardi
947 5672 1010 5711 ver·
1117 5657 1188 5723 1111)
1212 5650 1356 5708 conuallis
1380 5646 1513 5722 illustris]
1538 5645 1574 5705 V.
1598 5645 1673 5706 Gen.
1693 5647 1769 5706 XII.
1790 5654 1816 5709 6.

1624 5761 1658 5811 3.
