4214 6096
999 367 1057 429 125

198 544 363 613 stabamus
384 544 546 610 humiliter
566 555 598 609 ct
618 546 811 631 importune,
833 553 869 608 vt
889 542 1024 608 verbum
1039 544 1105 608 Dei
1126 543 1283 610 audirent.
1321 544 1403 609 Cum
1424 553 1531 608 autem
1552 553 1731 622 renuerent,
1752 546 1863 609 timen-
1881 565 1909 617 21

196 673 256 744 tes,
277 684 319 731 ne
340 663 431 747 ipsos
451 660 690 747 deciperemus,
712 682 771 746 per
793 658 1032 746 simplicitatem
1054 661 1214 746 scripture
1234 658 1391 724 videbant
1411 681 1470 724 nos
1494 682 1566 724 csse
1580 659 1727 725 homines
1743 660 1864 726 littera-

195 786 257 860 tos,
277 787 310 843 et
329 775 481 841 dicebant
502 775 541 840 de
562 775 672 841 nobis:
694 776 752 858 „Si
773 775 991 839 audiucrimus
1014 796 1077 856 eos,
1099 775 1228 840 trahent
1248 797 1308 840 nos
1331 775 1374 840 ad
1396 798 1488 839 suam
1509 775 1679 841 heresim.“
1721 776 1866 861 Contigit
1882 791 1914 841 22

196 902 303 959 antem
327 892 366 956 de
391 902 486 955 nocte
508 901 728 973 terremotus,
751 901 787 954 vt
809 892 994 955 timeremus
1013 913 1079 954 non
1107 890 1208 954 solum
1230 892 1469 972 monasterium,
1494 890 1551 954 scd
1575 900 1606 954 et
1627 900 1730 955 totum
1749 915 1865 956 saxum

200 1020 231 1074 et
252 1018 393 1073 montem
415 1007 509 1070 dirui.
550 1006 630 1071 Post
650 1007 709 1071 hec
731 1028 808 1071 vero
830 1006 1023 1070 audiucrunt
1043 1007 1177 1092 pacifice
1200 1006 1468 1093 predicacionem.
1505 1005 1639 1070 Etcum
1662 1007 1864 1090 audiuerant,
1882 982 1915 1101 ἐξ

197 1123 284 1211 quod
315 1122 559 1187 intendebamus
589 1121 754 1187 destruere
782 1144 908 1186 errores
937 1144 1062 1203 eorum,
1093 1119 1241 1185 arbitrati
1273 1135 1360 1203 sunt,
1390 1121 1475 1208 quod
1498 1133 1631 1207 possent
1651 1146 1710 1187 nos
1731 1122 1865 1208 publica

197 1240 420 1326 disputacionc
442 1261 604 1324 superare.
650 1238 884 1303 Conuenientes
917 1246 1023 1301 autem
1051 1260 1092 1301 ex
1127 1237 1275 1302 condicto
1301 1237 1344 1302 ad
1375 1237 1631 1324 disputaciouem
1656 1239 1865 1303 ostenderunt
1883 1260 1915 1311 25

197 1378 232 1420 sc
253 1377 324 1419 esse
345 1354 466 1419 alienos
488 1377 508 1417 a
528 1355 673 1418 veritate.
718 1354 782 1434 Qui
803 1351 1073 1429 multitudinc¹⁴⁵l
1105 1376 1139 1417 sc
1166 1364 1375 1418 armauerunt
1396 1365 1427 1417 ct
1448 1364 1629 1417 statuerunt
1648 1377 1747 1417 vnum
1769 1376 1865 1440 supcr
1883 1374 1916 1426 26

196 1494 306 1536 omnes
329 1472 526 1556 episcopum,
549 1493 643 1557 quem
665 1469 861 1555 reputabant
881 1469 987 1553 magis
1007 1466 1185 1532 litteratum
1207 1479 1240 1532 et
1259 1469 1421 1555 ydoneum
1445 1469 1486 1533 ad
1508 1469 1779 1555 respondendum.
1823 1470 1867 1533 Et
1884 1490 1915 1539 27

197 1586 343 1651 accensis
373 1585 482 1649 multis
511 1587 612 1650 cercis
646 1585 687 1649 de
714 1598 807 1649 nocto
835 1608 854 1648 a
881 1583 1094 1648 luminaribus
1124 1585 1264 1669 copiosis
1299 1587 1332 1648 in
1362 1585 1683 1649 maximocenaculo
1715 1586 1868 1650 sederunt

197 1724 307 1767 omncs
330 1711 361 1765 ct
383 1701 549 1783 dixerunt,
571 1701 656 1787 quod
678 1701 874 1782 diceremus,
901 1723 965 1784 qua
988 1699 1027 1763 do
1050 1721 1149 1762 causa
1170 1701 1323 1764 iuerimus
1345 1701 1387 1764 ad
1409 1723 1473 1766 cos.
1517 1701 1582 1764 Nos
1605 1710 1712 1765 autem
1734 1724 1867 1788 respon·
1885 1726 1917 1777 28

197 1817 317 1897 dimus,
346 1815 432 1904 quod
464 1819 625 1880 iusramus
657 1838 755 1880 caussa
784 1814 896 1878 salutis
928 1837 1052 1896 corum,
1079 1824 1111 1877 et
1131 1828 1296 1902 assumpto
1320 1817 1417 1881 verbo
1448 1816 1743 1881 commendauimus
1764 1819 1798 1881 in
1821 1819 1867 1882 eis

198 1956 297 2021 opera
318 1932 536 2019 perfectionis,
557 1954 618 2016 que
640 1930 863 2012 ostendebant,
886 1930 1008 1994 scilicet
1029 1942 1095 1994 tam
1118 1933 1262 1995 strictum
1286 1943 1404 1995 ettam
1426 1931 1555 2017 longum
1578 1934 1732 1996 ieiunium
1755 1947 1786 1997 et
1799 1956 1867 1998 ma·

198 2050 320 2113 ximam
350 2049 585 2112 abstinenciam
617 2060 648 2110 ct
674 2046 893 2133 prolixitatem
925 2056 957 2110 et
983 2046 1191 2110 deuoeioncm
1222 2050 1397 2125 oracionis,
1428 2058 1459 2112 ct
1489 2047 1709 2112 adiurauimus
1732 2072 1787 2113 cos
1809 2072 1867 2135 per

198 2166 385 2250 sanguinem
410 2163 582 2244 Orneifixi,
604 2186 698 2250 quem
721 2164 860 2226 maxime
882 2172 1091 2244 venerantur,
1126 2186 1165 2225 nc
1188 2186 1259 2226 cum
1280 2175 1327 2228 tot
1346 2163 1512 2228 laboribus
1535 2186 1576 2227 ex
1598 2186 1657 2227 sua
1677 2163 1868 2229 infidelitate

197 2279 430 2345 descenderent
452 2280 494 2343 ad
516 2281 692 2361 infernum,
723 2290 755 2343 et
783 2277 943 2364 quomodo
971 2277 1123 2341 errabant
1144 2281 1177 2342 in
1199 2280 1337 2345 Christo.
1381 2279 1463 2345 (lum
1486 2280 1570 2343 enim
1589 2279 1700 2343 dicunt
1721 2302 1792 2344 esse
1813 2302 1866 2344 ve·
1885 2303 1917 2353 29

196 2418 268 2460 rum
288 2395 396 2459 Deum
419 2407 451 2460 et
469 2418 582 2460 verum
607 2396 766 2459 hominem
778 2444 786 2474 ,
809 2394 920 2458 dicunt
941 2415 1014 2456 eum
1037 2393 1157 2458 habero
1179 2418 1277 2459 vuam
1297 2407 1464 2477 naturam,
1497 2418 1594 2459 vnam
1616 2394 1812 2460 voluntatem
1836 2407 1867 2460 et

197 2534 295 2575 vnam
322 2513 557 2597 operacioncm.
600 2511 643 2574 Et
665 2510 831 2574 audientes
852 2508 987 2596 pacifice
1008 2511 1157 2574 raciones
1180 2521 1211 2574 et
1232 2513 1441 2576 auctoritates
1471 2522 1584 2576 contra
1606 2534 1657 2593 sc,
1692 2513 1739 2575 ita
1761 2523 1865 2597 stupe·
1885 2524 1917 2575 3ο

197 2626 274 2691 facti
310 2640 399 2709 sunt,
428 2638 459 2691 et
485 2629 628 2713 priuauit
656 2649 709 2691 eos
731 2625 872 2710 Spiritus
893 2625 1030 2689 Sanctus
1057 2629 1267 2712 responsione
1297 2638 1328 2691 et
1354 2627 1470 2710 verbo,
1500 2640 1535 2690 vt
1563 2627 1729 2691 silencium
1757 2649 1868 2692 corum

198 2742 346 2808 omnibus
369 2754 453 2807 essct
475 2745 508 2806 in
530 2754 692 2828 stuporem
716 2752 746 2805 et
767 2741 860 2805 nobis
882 2744 971 2826 ipsis.
1005 2741 1049 2804 Et
1069 2745 1150 2828 ipsc,
1172 2766 1267 2829 quem
1290 2753 1469 2806 statuerant
1486 2743 1752 2828 respondentem,
1775 2744 1866 2829 prior
1884 2759 1915 2811 31

199 2858 346 2924 omnibus
374 2881 548 2924 conuersus
579 2869 637 2922 cst.
679 2857 753 2920 Suis
780 2868 886 2920 autem
913 2857 1157 2943 increpantibus
1185 2880 1271 2940 eum,
1300 2880 1399 2945 quare
1428 2881 1490 2923 non
1519 2858 1753 2944 responderet?
1783 2859 1867 2923 dixit
1884 2877 1916 2928 32

199 2974 288 3040 clara
308 2997 388 3040 vocc
410 2978 444 3038 in
466 2974 591 3038 caldco:
626 2974 781 3055 „Fratres
789 3021 798 3054 ,
829 2972 1104 3057 significovobis,
1132 2974 1217 3059 quod
1247 2973 1290 3037 ad
1320 2975 1384 3037 ista
1401 2996 1604 3061 nequaquam
1625 2997 1796 3060 possumus
1817 2998 1866 3039 re-

199 3091 388 3178 spondere.“
430 3091 602 3175 Exmgens
635 3100 740 3153 autem
768 3112 810 3152 ex
839 3090 886 3152 eis
916 3111 997 3152 vnus
1026 3090 1177 3175 antiquus
1208 3100 1239 3153 ct
1266 3089 1464 3154 honorabilis
1493 3093 1575 3154 inter
1602 3113 1677 3172 cos,
1710 3113 1804 3177 quem
1827 3092 1868 3155 dc
1885 3102 1917 3153 33

199 3208 380 3272 sanctitatis
401 3209 616 3293 prerogaucia
636 3208 720 3268 inter
742 3227 852 3269 omncs
885 3204 966 3268 alios
995 3206 1137 3268 maxime
1159 3204 1447 3288 eonrmcndabant,
1476 3206 1560 3270 dixit
1587 3227 1696 3271 coram
1719 3207 1867 3273 omnibus

198 3322 264 3387 alta
284 3346 363 3388 voce
385 3344 457 3386 cum
478 3322 633 3386 lacrimis:
659 3321 832 3415 „Fratres,
854 3321 1013 3384 annuncio
1034 3320 1138 3399 vobis,
1159 3321 1245 3407 quod
1267 3321 1327 3384 iste
1350 3320 1536 3406 religiosus,
1558 3323 1613 3408 qui
1636 3325 1724 3386 venit
1745 3323 1788 3387 ad
1808 3347 1867 3390 nos

199 3438 239 3503 de
261 3438 410 3525 partibus
433 3437 702 3518 occidentalibus,
733 3447 768 3500 vt
790 3435 885 3517 dicit,
907 3445 939 3498 et
959 3435 1054 3501 modo
1077 3438 1161 3500 inter
1182 3460 1241 3502 nos
1263 3439 1434 3522 proposuit
1455 3436 1589 3501 verbum
1611 3438 1700 3521 Dei,
1732 3452 1868 3505 nonest

198 3554 310 3635 bomo,
338 3553 396 3618 sed
418 3566 466 3619 est
487 3553 540 3617 vel
559 3551 707 3637 angelus,
732 3575 827 3639 quem
849 3552 937 3614 misit
955 3550 1047 3617 Deus
1068 3552 1110 3616 ad
1130 3575 1206 3634 nos,
1237 3561 1273 3616 vt
1293 3576 1357 3617 non
1380 3552 1606 3638 dampnemur,
1642 3553 1694 3618 vel
1716 3565 1765 3619 cst
1785 3578 1867 3621 vnus

198 3669 239 3735 de
257 3669 428 3757 apostolis,
457 3670 630 3755 quierant
658 3691 730 3732 cum
751 3668 912 3733 Christo.“
954 3666 998 3730 Et
1019 3691 1193 3733 conuersus
1215 3668 1258 3733 ad
1278 3670 1411 3732 fratrem
1438 3668 1688 3754 predicatorem,
1716 3672 1770 3755 qui
1792 3694 1864 3758 pro·
1884 3686 1917 3737 34

198 3795 353 3872 posuerat
380 3784 532 3865 verbum,
562 3784 661 3847 dixit:
688 3784 773 3864 „Dio
794 3783 947 3871 quicquid
977 3786 1043 3866 vis,
1072 3784 1280 3871 etquicquid
1304 3784 1426 3847 dixeris
1450 3787 1643 3870 recipiemus
1666 3794 1755 3868 ate,
1785 3789 1868 3852 sieut

197 3923 285 3966 esses
307 3923 389 3965 vnus
411 3899 451 3963 de
473 3900 676 3986 apostolis!“
703 3899 748 3963 Et
774 3900 914 3963 maiores
942 3900 1070 3987 quidem
1099 3923 1210 3964 eorum
1240 3910 1449 3985 susceperuut
1471 3899 1607 3964 verbum
1628 3901 1662 3963 in
1683 3913 1866 3967 mausuetu—
1885 3922 1917 3971 35

196 4015 271 4080 dinc
293 4029 324 4081 et
344 4017 563 4102 promiserunt
584 4014 687 4096 nobis,
710 4014 795 4101 quod
816 4014 923 4097 fidem,
945 4038 1043 4101 quam
1065 4038 1085 4079 a
1107 4016 1201 4080 nobis
1217 4015 1395 4096 audierant,
1417 4017 1643 4080 inconcussam
1659 4028 1691 4080 et
1705 4018 1866 4103 integram

197 4146 427 4197 conseruareut
441 4133 495 4208 Ι46)
518 4154 619 4215 vsquc
641 4131 683 4194 ad
704 4145 849 4195 mortem.
894 4130 1007 4194 Turba
1029 4155 1106 4197 vero
1129 4132 1267 4196 aliorum
1296 4131 1527 4197 monachorum
1550 4130 1672 4195 turbati
1695 4142 1769 4196 sunt
1788 4136 1865 4199 insi·
1884 4149 1916 4200 36

197 4253 322 4336 pientes
344 4248 451 4330 corde,
472 4257 504 4311 et
524 4248 749 4311 excitauerunt
772 4245 968 4310 sedicionem
989 4270 1055 4311 non
1076 4248 1246 4312 modicam.
1290 4248 1334 4311 Et
1364 4248 1468 4311 lactus
1491 4258 1540 4332 est
1560 4258 1669 4312 tantus
1692 4249 1813 4315 clamor
1836 4262 1866 4315 et
1883 4263 1914 4312 37

196 4365 350 4431 tumultus
370 4368 453 4429 inter
475 4387 549 4444 eos,
578 4374 613 4425 vt
634 4365 831 4438 time-reuma,
861 4386 902 4426 ne
921 4386 955 4427 sc
976 4374 1084 4427 mutuo
1106 4364 1330 4427 interficerent.
1374 4363 1417 4427 Et
1439 4385 1510 4428 cum
1532 4387 1643 4429 omncs
1664 4367 1812 4429 raciones
1835 4378 1867 4429 et
1883 4375 1916 4425 38

197 4484 356 4567 scripture
385 4480 573 4560 delicerent,
607 4478 771 4558 dixerunt,
801 4478 886 4564 quod
917 4481 963 4543 cis
992 4490 1076 4543 esset
1105 4480 1147 4543 ad
1169 4481 1380 4565 ignominiam
1402 4490 1434 4543 et
1454 4479 1683 4565 obprobrium,
1705 4492 1739 4544 vt
1759 4481 1864 4559 fidem,

195 4619 291 4681 quam
321 4608 431 4683 patres
463 4618 571 4659 eorum
599 4597 821 4658 inconcussam
854 4605 1023 4658 tenuerant
1050 4597 1242 4680 octingentis
1275 4600 1384 4676 annis,
1419 4595 1513 4660 modo
1543 4606 1703 4661 mutarent
1728 4608 1864 4682 propter

195 4712 353 4797 quosdam
376 4710 600 4789 occidentales,
624 4712 677 4796 qrri
699 4732 771 4773 cum
792 4708 971 4795 loycalibus
985 4711 1041 4787 ¹⁴⁷)
1063 4722 1094 4774 ct
1117 4711 1294 4775 subtilitate
1315 4723 1578 4795 argumentorum
1602 4710 1866 4789 seducebantflt)

196 4850 258 4893 eos.
303 4828 383 4894 Cum
406 4841 512 4891 autem
534 4830 566 4889 in
590 4826 702 4912 paucis
726 4825 840 4889 diebus
862 4839 1022 4890 cresceret
1040 4850 1193 4891 numerus
1215 4827 1368 4908 fidelium,
1391 4829 1468 4914 quia
1482 4827 1592 4913 plures
1611 4851 1652 4891 cx
1670 4828 1716 4890 eis
1733 4849 1866 4892 conucr-
1884 4838 1917 4889 39

196 4941 361 5024 tcbantur,
393 4946 494 5007 creuit
515 4954 545 5005 et
561 4944 614 5011 ¹⁴³¹}
643 4943 763 5005 scuicia
788 4943 910 5026 pariter
938 4941 1131 5025 infidelium,
1159 4954 1300 5025 tantum,
1335 4943 1423 5029 quod
1443 4942 1554 5007 fideles
1578 4952 1776 5029 rogauerunt
1796 4965 1865 5025 nos,

196 5058 281 5144 quod
303 5060 365 5123 cito
388 5060 548 5123 exiremus
572 5057 611 5120 dc
632 5060 838 5139 monasterio,
861 5080 901 5121 nc
924 5080 982 5122 nos
1004 5057 1237 5143 discerperent.
1280 5058 1473 5123 Patriarcha
1498 5081 1607 5122 eorum
1629 5061 1736 5145 primo
1758 5068 1866 5123 tamen
1883 5073 1916 5123 40

196 5173 327 5260 publica
349 5174 573 5263 disputatione
596 5197 614 5237 a
636 5172 729 5238 nobis
736 5222 745 5255 ,
779 5197 888 5259 ymmo
912 5198 931 5237 a
952 5174 1025 5237 Deo
1049 5173 1191 5238 totaliter
1214 5186 1402 5260 superatus,
1430 5173 1561 5238 tandem
1582 5174 1752 5239 nobiseum
1772 5174 1866 5262 plene

194 5291 228 5353 in
250 5290 399 5356 omnibus
422 5291 640 5372 concordauit,
664 5302 694 5353 et
713 5289 810 5353 fidem
834 5312 927 5354 suam
947 5292 1203 5376 manuscriptam
1223 5289 1319 5354 nobis
1341 5288 1496 5369 tradidit,
1518 5290 1552 5352 in
1574 5311 1638 5375 qua
1659 5303 1771 5378 aperte
1792 5313 1865 5355 con-

262 5444 329 5516 145)
351 5445 490 5505 Fortasse
522 5442 689 5503 addendum
716 5454 762 5502 cst
782 5443 1010 5517 scripturarum.
1118 5446 1186 5515 147)
1209 5441 1378 5518 loycalrbus]
1401 5442 1503 5518 logicis
1525 5442 1710 5521 syllogismis.

199 5539 244 5601 cf.
265 5542 341 5602 infra
361 5544 382 5622 ξ
405 5548 453 5605 38.
1119 5534 1188 5615 118)
1210 5541 1394 5615 seducebant]
1418 5539 1599 5603 seducerent.

261 5646 329 5713 116)
350 5651 568 5701 conseruerant
589 5640 626 5702 G.
1120 5643 1187 5713 149)
1208 5642 1300 5697 creuit
1320 5640 1410 5697 eciam
1432 5649 1460 5697 et
1482 5639 1517 5699 G.
