4214 6096
1030 618 1248 679 ..48-

359 824 473 884 contra
501 810 666 896 Egyptum
696 808 816 873 dicitnr
845 805 999 888 omnm,
1029 807 1086 872 uhi
1114 806 1252 893 Moyses
1282 808 1375 893 uirga
1404 808 1571 892 percussit
1597 817 1724 892 petram
1753 807 1859 890 oreb,
1889 818 1923 875 et

359 940 449 1007 dedit
472 954 591 1021 aquam
615 933 677 998 tnti
700 932 898 1000 multitudini
928 931 1069 998 filiomm
1092 932 1212 1015 lsrael,
1243 943 1278 998 et
1305 932 1388 997 dixit
1414 932 1494 998 mihi
1523 933 1723 1019 episcopus,
1752 933 1840 1020 quod
1863 932 1923 999 lilii

359 1063 459 1131 lsrael
483 1070 607 1145 partem
632 1056 722 1123 iliius
745 1057 866 1144 lapidis
889 1077 1004 1125 secum
1031 1058 1289 1143 deportauernut
1311 1077 1418 1143 nsque
1441 1060 1483 1124 ad
1511 1079 1616 1147 aquas
1639 1061 1922 1142 contradictionis,

273 1190 325 1258 hb.
359 1202 392 1256 et
420 1208 497 1272 pars
527 1206 586 1269 pro
619 1196 689 1248 toto
721 1185 770 1249 eis
801 1204 919 1271 aquam
949 1185 1148 1250 ministrauit
1177 1181 1412 1249 habundanter.
1465 1185 1542 1250 Uidi
1570 1187 1678 1253 eciam
1707 1186 1834 1270 locum,
1863 1187 1922 1254 ubi

359 1314 503 1399 positum
529 1308 635 1374 iuerat
658 1330 778 1394 corpus
803 1319 919 1374 sancte
941 1307 1097 1374 Katerine
1119 1308 1162 1373 ah
1186 1307 1325 1393 angelis.

300 1462 325 1521 l.
495 1452 670 1521 XXIV.
716 1454 900 1518 Notandum
924 1453 1050 1533 eciam,
1080 1452 1168 1537 quod
1191 1471 1281 1518 mare
1308 1451 1439 1518 rubrum
1463 1464 1516 1519 est
1544 1455 1635 1519 iuxta
1662 1463 1806 1520 montem
1828 1453 1922 1520 Sinni

360 1602 479 1646 uersus
502 1581 687 1660 meridiem,
718 1589 750 1643 et
773 1578 977 1664 protenditur
998 1598 1107 1665 usque
1130 1576 1171 1642 nd
1195 1575 1457 1658 Bubilonemm,
1488 1590 1522 1655 et
1543 1578 1589 1645 ibi
1611 1576 1711 1644 babet
1732 1577 1848 1659 finem,
1877 1581 1925 1642 ita

296 1714 327 1774 2.
361 1710 448 1795 quod
482 1709 583 1772 distat
611 1728 699 1770 mare
729 1705 857 1771 rubrum
886 1726 906 1770 a
935 1706 1172 1771 mediterraneo
1200 1705 1345 1770 moriad
1369 1704 1400 1768 V
1424 1705 1540 1769 dietas.
1587 1705 1792 1770 Protenditnr
1814 1714 1924 1770 tamen

296 1837 327 1897 3.
360 1856 460 1901 unum
492 1832 658 1899 brachium
693 1833 735 1897 ah
770 1854 836 1897 uno
865 1833 943 1897 mari
979 1834 1021 1897 ad
1051 1834 1183 1899 modum
1213 1834 1307 1919 parui
1336 1832 1490 1899 fluminis.
1544 1830 1609 1897 Per
1638 1831 1780 1897 medium
1814 1842 1935 1897 nutem

360 1961 460 2026 huius
489 1956 633 2022 fluminis
663 1958 704 2021 ah
736 1959 859 2023 oriente
890 1960 1005 2024 transit
1037 1958 1131 2025 Goon
1146 1956 1200 2040 ⁵⁸⁸,
1230 1957 1353 2024 fluuius
1382 1957 1543 2043 paradisi,
1573 1957 1630 2042 qni
1660 1968 1712 2022 eat
1739 1955 1855 2037 Nilus,
1891 1967 1926 2021 et

361 2086 535 2151 descendit
559 2106 617 2168 per
636 2084 799 2170 Egyptum
824 2087 914 2150 iuxta
933 2106 1045 2150 muros
1066 2084 1248 2165 Babilnnis,
1273 2096 1305 2150 et
1322 2082 1537 2170 preterfluens
1554 2082 1738 2148 Damiatam
1756 2083 1924 2148 ciuitatem

362 2215 394 2276 in
419 2209 619 2276 Alexandria
645 2208 786 2274 decurrit
809 2211 842 2275 in
867 2211 1137 2276 mediterraneum
1160 2231 1262 2276 mare.

298 2341 329 2398 t.
497 2333 636 2400 Flauius
664 2335 728 2398 iste
757 2335 854 2402 Nilus
883 2335 1137 2401 exulcerationes
1172 2333 1254 2400 iacit
1281 2337 1314 2398 in
1345 2346 1491 2420 tempore
1510 2336 1647 2400 mensis
1673 2333 1754 2400 iulii
1783 2354 1842 2418 per
1864 2332 1925 2399 XL

300 2468 330 2526 5.
363 2463 454 2542 dies,
486 2472 518 2524 et
542 2461 678 2524 totidem
702 2461 819 2527 diebus
842 2461 960 2527 refluit.
1007 2461 1138 2549 Quibus
1162 2462 1329 2528 deducunt
1351 2461 1485 2548 Egyptii
1509 2480 1613 2545 aquus
1635 2458 1704 2525 Nili
1727 2480 1785 2544 per
1808 2459 1926 2524 alueos

300 2592 330 2651 6.
364 2598 397 2651 et
427 2598 556 2650 meatus
587 2597 754 2663 terraneos
768 2585 806 2624 ⁵³⁹
838 2609 897 2672 per
925 2609 1022 2673 agros
1057 2609 1149 2654 suos.
1201 2589 1237 2653 ln
1273 2585 1454 2653 refluxione
1489 2596 1597 2652 autem
1631 2584 1777 2671 agricole
1812 2585 1926 2648 statim

240 2757 242 2760 -
300 2716 332 2779 7.
363 2713 495 2776 mittunt
525 2715 651 2777 semina
680 2713 712 2776 in
742 2710 856 2778 limum
885 2714 995 2778 adhuc
1022 2724 1187 2779 recentem
1218 2714 1260 2778 de
1290 2734 1385 2800 aqua.
1440 2710 1515 2798 Qne
1543 2713 1669 2778 semina
1698 2711 1755 2775 uix
1783 2709 1927 2774 obducta

300 2840 330 2902 8.
364 2838 442 2903 limo
478 2837 560 2902 infra
591 2859 688 2902 unam
718 2851 849 2904 noctem
880 2851 1032 2904 creseunt
1065 2841 1099 2902 in
1133 2838 1267 2904 herbam
1302 2839 1343 2903 ad
1373 2837 1611 2923 longitudinem
1641 2838 1744 2922 digiti.
1797 2834 1928 2901 Habent

364 2978 474 3030 autem
504 2965 641 3051 Egyptii
675 2967 708 3030 in
742 2977 836 3052 porta
874 2966 1018 3030 ciuitatis
1046 2963 1220 3030 Babilonie
1254 2965 1417 3049 quoddam
1446 2965 1596 3050 signum,
1630 2965 1663 3028 in
1694 2983 1760 3048 quo
1787 2982 1928 3046 precon-

364 3094 510 3157 sidemnt
534 3091 588 3156 uel
617 3088 819 3156 fertilitatem
842 3090 896 3157 nel
927 3092 1095 3156 caristiam
1122 3090 1221 3158 futuri
1251 3092 1424 3175 temporis3
1454 3089 1521 3155 hnc
1546 3088 1660 3154 modo:
1690 3087 1720 3152 si
1750 3106 1837 3173 aqua
1861 3085 1928 3151 Nili

365 3218 558 3282 inundantis
589 3218 695 3302 tangit
724 3218 873 3302 signum,
909 3216 1031 3282 honum
1066 3229 1196 3303 tempus
1226 3217 1287 3281 erit
1317 3227 1351 3281 et
1380 3213 1502 3296 fertile;
1538 3217 1568 3281 si
1598 3214 1746 3293 excedit,
1781 3213 1932 3297 seqnitur

366 3343 506 3407 maxima
531 3342 627 3426 copia
652 3342 798 3428 frugum,
822 3344 852 3407 si
876 3341 959 3408 inira
983 3344 1115 3428 signum
1137 3344 1307 3424 manserit,
1331 3341 1463 3407 caristia
1487 3342 1558 3405 erit.

300 3477 332 3538 9.
501 3469 680 3534 Sciendum
705 3469 825 3548 eciam,
850 3470 939 3556 quod
963 3467 1117 3554 Egyptns
1140 3470 1287 3534 eontinet
1310 3479 1376 3533 tres
1401 3468 1557 3532 ciuitates
1581 3462 1795 3551 principales:
1832 3461 1930 3529 Babi-

283 3600 333 3663 10.
366 3594 488 3674 ionem,
512 3593 764 3675 Alexandriam,
789 3593 984 3659 Damiatam.
1031 3594 1263 3661 Babilonnnn
1287 3606 1340 3660 est
1362 3593 1470 3675 firma,
1494 3612 1558 3657 nec
1580 3588 1680 3656 hahet
1702 3608 1845 3667 murum,
1868 3588 1931 3652 sed

284 3728 334 3786 ll.
366 3734 417 3786 est
448 3740 549 3803 supra
579 3720 710 3784 modum
748 3720 854 3784 diues.
907 3721 960 3786 Ah
997 3722 1061 3786 ista
1095 3721 1194 3787 distat
1229 3721 1363 3805 antiqua
1393 3717 1569 3786 Babilnnin
1598 3715 1640 3780 ad
1662 3714 1728 3779 XX
1756 3714 1863 3778 dietas
1897 3723 1931 3777 et

367 3843 527 3929 amplius,
550 3842 677 3930 relique
701 3843 765 3909 due
787 3847 921 3911 munite.

283 3982 333 4041 12.
501 3971 654 4055 Egyptns
679 3973 810 4058 quidem
841 3984 924 4036 terra
954 3971 1052 4057 plana
1084 3984 1136 4036 est
1166 3984 1199 4037 et
1229 3969 1347 4037 fertilis
1371 3969 1486 4051 ualde,
1516 3988 1586 4033 raro
1616 3965 1744 4030 habens
1773 3962 1930 4048 pluuium.

193 4106 244 4168 13.
283 4103 334 4164 rt.
368 4096 455 4160 Toto
479 4115 566 4158 anno
591 4097 679 4159 omni
702 4116 817 4161 mense
840 4107 948 4181 preter
972 4098 1158 4182 Augustum
1189 4108 1344 4163 crescunt
1373 4097 1419 4161 ibi
1450 4116 1534 4160 rose.
1580 4092 1674 4157 Oncs
1700 4102 1733 4156 et
1756 4110 1854 4175 capre
1877 4088 1932 4154 his

283 4233 333 4293 15.
367 4224 399 4286 in
430 4240 517 4284 anno
548 4219 673 4283 faciunt
703 4221 748 4285 ihi
778 4222 889 4287 setum.
936 4222 1032 4289 Multi
1063 4235 1172 4288 autem
1203 4223 1380 4290 Christiani
1412 4223 1546 4288 suntin
1570 4219 1704 4305 Egypto
1732 4229 1766 4282 et
1793 4215 1932 4300 plurime

368 4346 513 4412 ecclesie
537 4344 809 4428 Christianorum,
835 4350 890 4435 qui
913 4370 1013 4415 unum
1036 4348 1159 4417 habent
1181 4348 1398 4435 patriarcham
1422 4348 1455 4411 in
1480 4345 1689 4413 Alexandria.

475 4647 542 4717 53⁶)
572 4647 832 4720 Notandum-Orci]
859 4652 919 4705 Vid.
939 4655 1113 4707 Robinson}
1141 4652 1200 4705 155.
1222 4680 1257 4692 -
1283 4649 1350 4720 5³7)
1376 4649 1546 4722 Babylonem]
1574 4646 1634 4700 audi
1658 4662 1770 4708 nonam,
1799 4660 1866 4712 qnae
1891 4652 1934 4696 est

369 4755 469 4811 Cabiro
488 4768 577 4821 retur,
596 4756 704 4808 Festat.
722 4784 758 4795 -
777 4756 843 4828 ³38)
860 4759 1053 4830 Graa1Gibon.
1092 4761 1140 4812 Cir
1155 4759 1300 4813 Ludolium
1320 4759 1472 4812 exxxnt
1490 4755 1571 4824 asu.
1601 4760 1730 4821 Apparet,
1747 4749 1933 4804 Thlelmwfl

368 4863 393 4917 h.
415 4867 432 4916 Ι.
458 4868 546 4917 omnia
576 4873 737 4932 pervertere
762 4894 798 4904 —-
822 4865 889 4935 5³9)
913 4869 1055 4935 torneae]
1080 4867 1140 4920 Vid.
1160 4869 1292 4921 Dniresae
1316 4884 1338 4919 a.
1358 4883 1382 4918 r.
1402 4866 1538 4919 termina
1556 4870 1585 4917 et
1603 4863 1739 4916 terrarius.
1777 4859 1935 4912 Tmen-irrue

371 4981 411 5024 eat
431 4972 502 5039 quod
522 4971 555 5026 ad
575 4989 668 5041 agra·
687 4976 813 5042 pertinet
