4214 6096
957 343 995 403 33

142 520 294 585 Sidonem
318 542 470 605 magnam
492 521 559 584 fere
580 542 638 607 per
660 520 736 584 VIII
757 520 874 585 leucas.
917 521 987 584 Hee
1010 542 1094 605 aqua
1114 533 1259 606 ternpore
1281 523 1382 584 estiuc
1405 521 1587 583 exsiccatur
1610 542 1669 605 pro
1691 542 1810 605 inagna

142 645 244 723 parte.
284 636 380 700 Unde
403 647 555 699 crescunt
587 635 632 699 ibi
659 636 792 701 arbusta
820 646 851 699 ct
878 636 977 700 herbe
1007 636 1105 700 dense
1127 636 1238 717 ualde,
1272 638 1304 699 in
1327 635 1444 722 quibus
1465 636 1625 711 latitante
1647 634 1756 699 leones
1779 646 1811 699 et

141 752 209 815 ursi
237 765 269 815 et
295 751 398 817 bestie
425 751 496 818 alie.
539 751 582 815 Et
611 764 684 814 sunt
713 750 757 815 ibi
786 753 973 816 narrationes
1000 753 1098 836 regie.
1141 749 1300 816 Medietas
1323 751 1418 815 huius
1439 750 1534 814 uallis
1550 751 1603 821 ¹³⁸)
1626 761 1674 815 cst
1694 754 1727 814 in
1749 750 1810 814 hac

142 867 283 932 secunda
306 866 478 948 diuisione,
508 889 570 954 que
592 868 725 954 respicit
747 866 822 944 adl)
843 867 1045 953 aquilonem,
1075 866 1139 930 alia
1167 867 1323 931 medietas
1351 869 1383 929 in
1404 868 1547 951 sequenti
1571 869 1672 930 tercia
1694 869 1810 931 consti·

141 991 218 1048 tuta.
259 982 378 1047 Tereia
410 994 533 1064 autern,
566 1005 627 1070 que
656 995 704 1046 est
728 981 812 1046 ultra
842 982 925 1046 hanc
953 982 1071 1047 uallem
1099 994 1131 1046 et
1157 984 1191 1045 in
1222 982 1329 1046 littore
1351 981 1500 1046 Iordanis
1535 982 1683 1046 orientali
1705 993 1810 1067 perto-

143 1109 210 1162 tum
226 1099 281 1176 139)
303 1121 404 1186 usque
426 1098 469 1162 ad
488 1099 659 1179 Libanum,
684 1099 740 1184 qui
761 1107 809 1162 est
832 1099 875 1162 ad
896 1100 1077 1179 sinistram,
1107 1108 1138 1162 ct
1160 1120 1261 1184 usque
1284 1096 1326 1161 ad
1348 1110 1487 1161 montem
1510 1098 1664 1175 Hermon,
1687 1101 1742 1184 qui
1763 1111 1814 1162 est

141 1224 253 1279 contra
272 1213 469 1295 uulturnum,
491 1225 522 1279 et
543 1237 645 1300 usque
666 1214 709 1278 ad
730 1215 894 1279 ciuitatem
917 1213 1050 1289 Basra⁰)
1066 1215 1141 1293 ¹⁴⁰),
1164 1235 1226 1299 que
1249 1227 1297 1277 est
1319 1214 1362 1277 ad
1385 1216 1539 1277 orientem
1561 1218 1595 1277 in
1618 1226 1724 1278 monte
1753 1216 1808 1275 Sa·

142 1338 244 1412 nprd),
268 1334 322 1417 qui
345 1331 549 1415 coniungitur
571 1353 642 1394 curn
665 1344 773 1395 monte
796 1330 950 1411 Hermon,
974 1329 1155 1415 appellatur
1179 1330 1212 1392 in
1233 1329 1328 1392 losue
1344 1335 1492 1408 planicies
1508 1335 1616 1391 Libani
1636 1332 1705 1393 siue
1719 1331 1809 1414 regio

145 1449 346 1508 Trcconitidis
362 1447 416 1522 ¹⁴¹)
438 1468 497 1530 pro
521 1468 577 1526 eo,
600 1444 696 1531 quod,
719 1468 789 1509 cum
813 1446 905 1529 aquis
927 1444 1112 1508 fluminibus
1133 1447 1261 1508 omnino
1285 1458 1394 1509 cureat
1412 1456 1499 1508 terra
1520 1447 1592 1526 istu,
1614 1445 1718 1509 incole
1733 1458 1809 1508 tem·

141 1582 221 1647 pore
244 1559 427 1646 pluuiarum
451 1584 553 1645 aquas
576 1561 731 1647 colligunt
752 1565 786 1626 in
808 1560 1086 1638 be1·cilibus0)¹⁴'²)
1108 1572 1139 1624 et
1162 1561 1327 1642 cisternis,
1359 1583 1440 1647 quas
1463 1583 1521 1646 per
1544 1574 1680 1622 tracones
1694 1561 1747 1638 143)
1770 1559 1810 1623 de

141 1676 211 1742 loco
233 1675 277 1741 ad
297 1676 402 1741 locum
426 1675 556 1757 ducunt,
577 1689 613 1741 ut
635 1688 666 1741 et
688 1701 722 1741 se
744 1681 811 1754 eti)
834 1680 975 1741 iumenta
996 1700 1054 1740 sua
1077 1675 1174 1739 alant.

264 1792 329 1856 Hic
349 1795 566 1857 necessarium
594 1792 738 1874 uidetur,
768 1796 843 1878 quia
873 1792 913 1856 de
937 1791 1098 1857 montibus
1121 1796 1248 1869 Libano,
1278 1797 1410 1853 Hernmn
1440 1807 1466 1853 et
1490 1797 1592 1872 Sarapi·
1615 1794 1844 1860 mentionemtt

142 1908 214 1990 feci,
236 1906 363 1994 plenius
385 1908 425 1971 de
448 1911 493 1972 cis
516 1908 621 1972 dicam
646 1908 689 1972 ad
710 1907 904 1972 intellectum
927 1907 1071 1972 aliorum.
1116 1907 1210 1971 Unde
1231 1906 1412 1985 sciendum,
1445 1908 1530 1993 quod
1553 1922 1720 1985 montana,
1750 1930 1811 1994 que

142 2034 216 2087 sunt
237 2046 334 2109 super
356 2036 530 2088 torrentem
552 2024 678 2103 Arnon,
708 2046 769 2110 quc
800 2035 875 2088 sunt
903 2026 986 2086 inter
1007 2023 1143 2088 Ammon
1174 2033 1205 2087 et
1226 2022 1323 2087 Moab
1351 2034 1383 2086 et
1404 2023 1596 2103 Amorrcos,
1625 2025 1702 2087 item
1722 2046 1812 2088 mons

145 2137 282 2222 Galaad,
304 2144 358 2225 qui
380 2143 482 2203 estin
504 2152 592 2204 terra
614 2140 683 2225 og,
705 2142 792 2225 regis
814 2139 938 2219 Basca,
971 2162 1062 2202 mons
1086 2139 1192 2224 Sanyr
1214 2151 1245 2203 et
1267 2139 1411 2203 Hermon
1442 2161 1540 2224 supra
1562 2139 1743 2224 Baalgadss)
1759 2142 1813 2217 141)

143 2266 175 2319 et
187 2276 278 2320 mare
293 2254 418 2320 Galilce
439 2268 469 2319 et
491 2278 583 2320 mons
599 2254 718 2319 Libani
738 2265 811 2319 sunt
833 2256 941 2319 omnia
963 2279 1045 2323 rmus
1068 2278 1159 2319 mons
1184 2256 1365 2333 continuus,
1387 2254 1444 2317 sed
1466 2256 1499 2318 in
1515 2254 1653 2318 diuersis
1667 2255 1747 2321 locis
1767 2255 1812 2319 di-

143 2372 247 2437 uersis
274 2371 459 2436 nominibus
489 2371 711 2458 appellantur,
744 2372 825 2434 sicut
849 2370 958 2458 palam
981 2384 1030 2436 est
1051 2372 1161 2435 uidere
1181 2373 1214 2434 in
1237 2370 1380 2456 alpibus,
1411 2394 1473 2456 quc
1496 2384 1649 2456 separant
1672 2371 1812 2436 'Phenic-

143 2489 230 2551 nimn
253 2496 286 2552 et
306 2486 546 2552 Lombardiam.
589 2487 684 2552 lllons
705 2504 811 2550 tamen
837 2489 962 2550 Galaod
975 2489 1027 2560 ¹⁴⁵)
1057 2487 1231 2551 altissimus
1259 2498 1308 2549 est
1335 2487 1420 2549 inter
1450 2508 1560 2550 omnes
1588 2499 1711 2551 montes
1733 2490 1813 2552 istos
1831 2507 1846 2550 u

146 2612 177 2666 et
197 2604 337 2667 omnium
360 2603 488 2667 uidetur
511 2606 603 2689 quasi
625 2613 721 2687 caput
743 2624 820 2665 osse.
866 2601 959 2665 Unde
987 2602 1029 2666 ad
1057 2602 1197 2666 litteram
1225 2602 1347 2666 dictum
1375 2601 1471 2665 eredo
1496 2599 1574 2664 illud
1595 2602 1730 2667 Ieremia
1744 2605 1813 2681 ¹⁴⁶):

148 2720 286 2794 Gazaca,
315 2731 346 2780 tu
376 2724 446 2781 cciii
467 2733 558 2799 caput
579 2722 694 2780 Libani.
737 2716 840 2782 lllonti
860 2716 989 2782 Galaad
1019 2720 1222 2803 coniungitur
1244 2741 1334 2781 mons
1357 2722 1461 2797 Scnyr
1475 2719 1546 2799 Η7),
1579 2730 1608 2781 et
1631 2718 1815 2804 appellatur
1835 2743 1864 2791 m

149 2837 249 2899 ceiam
273 2838 400 2917 Semi),
435 2836 511 2922 quia
532 2834 578 2898 ibi
599 2833 760 2898 habitauit
780 2832 886 2914 Esau,
916 2834 997 2897 elias
1018 2833 1143 2920 Seyrl),
1175 2846 1210 2898 ut
1230 2835 1315 2897 infra
1339 2833 1478 2913 dicetur,
1501 2842 1532 2896 et
1552 2843 1601 2896 cst
1621 2832 1705 2897 ultra
1726 2857 1815 2898 mare

150 2949 284 3032 Galilee,
308 2928 338 3015 et
360 2951 477 3015 cecidit
497 2952 530 3015 in
552 2959 670 3014 sortem
694 2948 826 3012 dimidie
848 2948 945 3013 tribui
968 2949 1128 3014 Manassc.
1169 2951 1220 3014 llli
1243 2950 1363 3014 ibidem
1394 2950 1601 3032 coniungitur
1621 2971 1712 3011 mons
1736 2956 1814 3011 Her·
1835 2963 1861 3012 11

148 3092 231 3149 mon,
263 3069 316 3153 qui
339 3068 454 3131 circuit
480 3066 699 3131 Traconitidis
720 3067 883 3149 regionem
898 3066 952 3141 Η3)
976 3076 1007 3129 et
1028 3066 1174 3153 procedit
1195 3088 1296 3152 usque
1316 3064 1531 3141 Damascum,
1553 3066 1644 3128 iuxta
1666 3063 1722 3128 ubi
1743 3088 1815 3130 cum

147 3182 273 3248 Libano
296 3205 330 3247 se
353 3181 483 3269 copulat
503 3185 587 3246 inter
608 3180 741 3245 Belinas
762 3194 792 3244 ct
813 3181 1020 3244 Damascum.
1062 3181 1137 3266 lpse
1159 3192 1266 3245 autem
1287 3180 1433 3243 Libanus
1456 3202 1556 3266 supra
1576 3182 1739 3244 ciuitatem
1755 3181 1815 3245 Bc·
1836 3197 1865 3246 12

147 3297 230 3363 linas
250 3298 345 3363 altior
367 3309 417 3362 est
438 3320 508 3363 meo
529 3297 659 3378 iudicio,
681 3299 842 3381 quamsit
865 3318 1000 3382 usquam
1011 3297 1037 3372 ¹¹)
1060 3319 1118 3383 per
1139 3307 1241 3361 totum
1265 3298 1430 3382 spacium,
1453 3318 1515 3381 quo
1538 3295 1683 3360 Libanus
1706 3297 1815 3383 appel·

147 3412 264 3487 laturll.
309 3415 419 3478 Distat
442 3427 550 3478 autem
571 3417 633 3478 isto
657 3415 690 3476 in
713 3412 783 3476 loco
805 3434 824 3474 a
846 3411 936 3496 Tyro
959 3434 1016 3497 per
1039 3410 1118 3475 duas
1141 3411 1260 3493 leuc-as,
1285 3424 1315 3476 et
1336 3411 1431 3498 plane
1454 3411 1581 3475 uidetur
1601 3414 1634 3474 in
1657 3411 1764 3497 Tyro,
1786 3421 1817 3475 et

212 3615 239 3684 a)
256 3612 373 3665 incitent
389 3611 429 3665 st.
449 3611 561 3665 latitant
579 3610 604 3664 lr.
645 3611 680 3664 m
700 3610 736 3662 cf.
755 3610 805 3663 Vl.
824 3616 854 3664 b:
875 3627 946 3662 navic
970 3608 1082 3662 latitant
1100 3614 1194 3663 leones.
1218 3642 1251 3650 -
1272 3608 1300 3673 b)
1318 3609 1418 3678 incipit
1434 3608 1588 3675 eqnilcnem
1607 3606 1639 3661 St
1672 3639 1701 3645 —
1727 3614 1753 3676 e)
1772 3609 1816 3661 bo·

277 3703 337 3748 stra
354 3693 393 3748 st.
412 3725 444 3733 -
460 3694 489 3761 d)
506 3697 618 3749 noanir.
642 3693 683 3748 St.
703 3725 734 3732 —
759 3696 784 3761 e)
802 3692 966 3746 berebililnn
984 3691 1023 3746 st.
1049 3722 1075 3730 —
1108 3692 1133 3763 f)
1151 3701 1177 3746 et
1193 3700 1258 3746 ante
1278 3709 1335 3745 voc.
1354 3693 1472 3745 iurnentc
1488 3708 1539 3745 om.
1559 3691 1600 3745 St.
1629 3721 1657 3729 -
1683 3696 1712 3759 g)
1730 3709 1816 3760 cupra

277 3777 402 3845 paalpcd
417 3778 456 3832 st.
477 3779 600 3847 baclyud
615 3776 640 3829 lr.
667 3808 696 3816 -
720 3776 748 3844 h)
766 3778 852 3831 eciam
870 3776 963 3844 Sanpr
981 3777 1051 3845 Sepr
1069 3775 1109 3833 St.
1135 3809 1165 3817 -
1189 3778 1209 3837 ἰ)
1228 3776 1365 3829 habitauit
1384 3774 1492 3841 clereney
1509 3774 1548 3827 St.
1576 3804 1608 3813 —
1632 3774 1661 3841 k)
1677 3792 1760 3842 amque
1777 3773 1816 3828 St.

276 3878 388 3927 respuam
404 3859 431 3917 h.
452 3891 484 3899 -
502 3861 521 3931 l)
540 3863 654 3931 lybanus
671 3878 755 3930 quos
771 3880 837 3931 app.
855 3859 894 3915 St.
914 3878 982 3930 quos
1006 3878 1061 3915 non
1080 3859 1164 3913 habet
1182 3859 1207 3911 h.

209 4053 278 4123 138)
308 4050 455 4108 lllcdictcs
483 4051 568 4108 buius
600 4051 697 4125 trallis]
731 4050 812 4109 lnlra
840 4050 893 4109 Il',
924 4056 957 4108 lb
1067 4055 1135 4119 143)
1157 4046 1303 4120 tracones}
1327 4054 1440 4103 umatus
1463 4043 1675 4103 subterraneos.

147 4148 252 4207 montio
274 4148 307 4206 fit
323 4149 408 4206 vallio
422 4168 562 4228 aquarum
574 4149 687 4219 Maron,
711 4167 787 4225 quac
802 4167 879 4204 rrunc
896 4146 958 4203 Ard
1067 4186 1134 4253 144)
1156 4178 1306 4255 Baalyad]
1330 4175 1366 4235 V·
1388 4178 1493 4235 [osum
1516 4176 1605 4237 xm·
1628 4182 1655 4252 5,
1679 4176 1726 4235 ubi
1749 4176 1819 4235 dici„

146 4246 288 4305 el-Holeh
308 4267 374 4306 esse
395 4242 516 4307 videtui.

1001 4291 1060 4338 tur:
1085 4300 1103 4336 α
1126 4281 1268 4354 Boulpcd
1289 4278 1341 4335 sub
1364 4286 1457 4334 rnontc
1479 4278 1620 4335 Hermon.

212 4349 279 4421 139)
304 4347 412 4404 Tereia
438 4356 534 4404 autern
557 4377 596 4386 -
615 4343 772 4418 periclum]
810 4344 959 4401 Pertotanr

147 4453 190 4505 ω)
207 4445 447 4522 francogallicum
466 4452 601 4520 parton&
1069 4417 1136 4471 145,
1160 4409 1291 4482 Galaadl
1306 4408 1421 4468 Gilcad.
1439 4408 1483 4467 Of.
1497 4430 1523 4468 v.
1536 4409 1664 4467 Rnumer
1677 4430 1704 4487 p.
1719 4414 1752 4469 61
1775 4428 1817 4486 sq.

210 4546 278 4615 140)
309 4543 417 4618 Bosral
455 4562 556 4601 recens
591 4541 784 4600 cl·Buseirah
821 4542 849 4599 in
886 4552 961 4599 terra
1004 4533 1032 4590 Ρ·
1055 4515 1114 4570 2⁰8
1137 4532 1179 4587 ⁸¹l'

146 4640 243 4701 Edem
263 4644 325 4701 sita.
367 4639 415 4699 Of.
438 4661 465 4699 v.
488 4642 615 4700 ltaumer
637 4661 664 4719 p.
688 4645 736 4711 63,
759 4642 795 4699 72
819 4661 860 4718 sq.
1070 4647 1137 4715 1411)
1162 4642 1291 4715 Iercrniel
1315 4644 1362 4712 22,
1385 4648 1412 4698 u.

210 4746 280 4813 141)
298 4741 446 4815 planicies
471 4774 509 4782 —
535 4739 746 4813 Traccnitidis]
763 4738 818 4797 XI.
843 4744 886 4798 17.
913 4738 961 4797 De

147 4839 272 4918 planicie
290 4838 396 4897 Libani
415 4859 480 4896 cum
496 4839 614 4897 Ituraca
627 4838 749 4896 contusa
768 4837 825 4895 vid.
841 4858 867 4894 v.
882 4836 961 4894 Rau-

147 4958 209 4998 mer
228 4937 292 4997 Pal.
319 4959 347 5017 p.
372 4943 408 4997 67
439 4946 508 4995 nota
533 4943 598 4998 198.
640 4938 681 4995 At
707 4937 757 4995 ille
786 4956 845 4994 uon
868 4933 960 4993 Sanu-

148 5046 217 5109 tum,
237 5048 270 5095 Ul
290 5036 374 5108 sawt
403 5036 456 5096 ⁸⁰d
478 5036 693 5107 {lumbardum
717 5040 820 5095 hanun
842 5035 963 5107 fontem'
1004 5085 1147 5144 vocabulo
1170 5084 1266 5149 Seni'r,
1290 5083 1419 5160 Vulgata
1441 5082 1533 5138 forma
1553 5082 1647 5139 Sanir
1669 5085 1817 5161 expressit.

147 5135 225 5195 unde
244 5135 348 5207 haurit,
370 5147 517 5193 auctorem
541 5135 629 5193 citare
643 5134 778 5195 debebat,
815 5133 883 5195 Vid.
899 5134 961 5191 lla·
1015 5182 1018 5186 .
1134 5185 1140 5196 ‚
1200 5184 1206 5196 ,
1333 5182 1346 5203 „
1534 5180 1539 5191 .
1726 5204 1729 5209 .

147 5236 200 5293 fini
221 5233 329 5294 Samni
346 5234 433 5293 Tora·
457 5232 576 5292 Secreta
607 5232 684 5291 fidel,
715 5254 789 5293 cm
817 5232 890 5291 libro
913 5233 961 5292 ΠΙ
1005 5184 1104 5257 Quare
1133 5192 1299 5241 inusitatum
1322 5188 1452 5256 bwcriyr
1483 5199 1611 5257 recipcre
1644 5200 1732 5239 ausus
1760 5203 1818 5241 non

148 5332 236 5393 Pam
255 5332 332 5392 XIV
355 5354 410 5412 cap
442 5332 529 5410 le
561 5336 630 5391 250·
1005 5303 1077 5351 sum,
1099 5283 1212 5339 tametsi
1236 5299 1346 5349 vereor,
1368 5299 1405 5337 ne
1427 5279 1463 5335 sit
1486 5279 1654 5355 genuinum.

212 5436 282 5505 142)
297 5431 461 5506 heredibus]
476 5431 579 5490 alueIs.
601 5431 771 5489 Bercilcest
787 5431 965 5508 l'rarrcogal·
1075 5434 1141 5500 148)
1175 5431 1308 5486 Hermon
1343 5460 1383 5468 -
1425 5427 1627 5484 draconitidis
1665 5428 1820 5504 cepionem}

149 5530 240 5589 lorum
268 5531 409 5589 berccau:
441 5530 612 5607 Ducangius
638 5528 736 5606 prodit
764 5528 871 5587 formas
902 5530 965 5586 her·
1011 5529 1079 5587 Vid.
1102 5530 1188 5588 Deut.
1213 5528 1271 5586 lll.
1294 5530 1320 5586 8.
1344 5532 1371 5595 b,
1393 5525 1442 5584 ubi
1460 5524 1593 5584 Hermon
1615 5527 1679 5585 aliis
1701 5527 1823 5585 nomini·

153 5629 269 5701 ciclum,
291 5630 460 5688 berceolum.
1011 5627 1065 5685 bus
1087 5626 1172 5685 Senir
1192 5640 1220 5695 le
1244 5625 1329 5702 Vulg.
1352 5626 1451 5689 Scnirt
1481 5634 1510 5682 et
1531 5623 1627 5684 Sirion
1650 5626 1822 5705 appellatur.

1599 5742 1613 5789 5

1071 4794 1137 4859 147)
1159 4811 1239 4846 risoris
1262 4790 1374 4864 Sanpr}
1404 4788 1460 4844 Pro
1490 4786 1583 4842 forma
1605 4786 1818 4843 vocabulida-

1004 4910 1062 4965 nyr
1083 4889 1270 4946 inveniuntur
1291 4890 1378 4946 etiam
1400 4887 1510 4943 formae
1533 4904 1668 4958 srcarrpr,
1695 4885 1818 4944 swartir.

1004 4972 1161 5046 lienteron.
1189 4986 1245 5044 Ill.
1279 4992 1295 5046 9
1330 4986 1435 5061 legitur
1464 4989 1537 5060 ria,
1568 4981 1647 5061 quod
1674 4981 1819 5041 Lutlrerus
