4214 6096
866 702 1086 762 ..41-

193 897 302 976 Sinai,
331 913 398 960 non
427 892 561 977 longius
590 911 689 978 quam
722 890 764 955 ad
787 891 910 957 iactum
934 891 1055 975 sagitte
1077 900 1257 979 sequentes
1281 889 1337 955 uel
1360 890 1586 974 precedentes.
1633 892 1755 959 Obser·
1789 902 1840 965 to.

193 1024 317 1089 uabant
340 1031 449 1088 autern
472 1021 587 1086 horam
609 1017 738 1104 prandii
761 1029 794 1082 et
817 1036 911 1098 oeue,
936 1027 1103 1103 tamquam
1127 1015 1364 1083 eleemosinam
1387 1026 1612 1101 expectantes.
1658 1018 1701 1084 Et
1724 1021 1755 1085 in
1789 1032 1841 1094 21,

193 1149 299 1214 reditu
323 1146 474 1213 similiter
495 1144 654 1212 feeemnt.

326 1291 508 1363 XVIII.
553 1285 741 1354 Notandum
770 1296 898 1366 autern,
934 1283 1022 1369 quod
1049 1282 1187 1369 plurima
1218 1293 1296 1350 sunt
1323 1284 1470 1370 pericula
1499 1285 1588 1353 illius
1619 1289 1755 1354 deserti:
1793 1299 1821 1359 l.

192 1417 311 1483 leones
329 1414 534 1502 frequentes,
555 1432 692 1501 quornm
711 1411 855 1496 uestigia
873 1409 1023 1474 recentia
1042 1409 1123 1490 uidi,
1144 1419 1177 1474 et
1194 1407 1325 1477 nenn'es
1343 1421 1505 1477 nocentes
1522 1423 1554 1477 et
1573 1427 1757 1500 serpentes.

194 1541 314 1607 Pluuia
340 1560 484 1627 quoqne,
509 1539 598 1627 quie,
623 1539 700 1605 dum
723 1535 820 1623 pluit,
844 1556 931 1620 equa
955 1534 1094 1601 collecta
1117 1557 1176 1621 per
1198 1547 1329 1603 montes
1352 1536 1460 1624 replet
1479 1539 1645 1606 desertum
1667 1551 1758 1607 tanta
1790 1545 1820 1607 2.

196 1667 430 1747 inundatione,
465 1677 502 1730 ut
535 1663 646 1730 nullus
680 1663 746 1728 boc
779 1660 960 1748 periculum
994 1663 1105 1748 possit
1141 1663 1317 1732 declinere.
1375 1662 1474 1731 Calor
1507 1665 1628 1747 eciam,
1663 1669 1758 1734 cuius
1791 1669 1821 1730 3.

194 1792 351 1857 nimietas
375 1790 465 1875 cogit
487 1789 640 1856 homines
664 1797 875 1854 transeuntes
898 1788 940 1853 ad
964 1787 1129 1854 defectum
1142 1785 1190 1853 ⁴⁸⁸.
1235 1787 1279 1853 Et
1301 1809 1386 1874 aque
1415 1791 1568 1875 penuria,
1600 1813 1664 1879 qne
1692 1815 1758 1860 non
1792 1796 1822 1856 1.

191 1917 332 1983 babetur
366 1916 431 1981 nisi
461 1915 503 1981 de
531 1916 647 2002 quinto
677 1915 731 1980 die
760 1915 793 1979 in
824 1914 990 2000 quintum,
1024 1911 1080 1979 uel
1118 1914 1158 1979 de
1188 1925 1285 2006 sexto
1315 1915 1348 1979 in
1378 1925 1517 1980 sextum.
1569 1916 1759 1983 Latruncnli
1793 1924 1822 1983 5.

192 2062 342 2130 quoque,
372 2042 502 2108 Arabes
533 2052 686 2127 agrestes
701 2037 742 2077 ⁴⁸⁹
770 2050 803 2105 et
831 2037 1035 2120 Boidewini,
1067 2060 1204 2126 quorum
1234 2037 1405 2105 latrocinia
1434 2042 1596 2108 timentur.
1641 2042 1758 2111 Estiuo
1791 2048 1821 2110 6.

193 2182 343 2255 tempore
367 2168 479 2238 nullus
502 2168 577 2234 boc
592 2169 758 2233 desertum
781 2170 921 2235 transire
943 2179 1065 2253 potest.
1111 2168 1226 2234 Pence
1249 2169 1354 2234 eciam
1378 2188 1460 2234 aues
1483 2169 1615 2234 suntin
1640 2190 1691 2234 eo.
1792 2171 1822 2233 7.

329 2294 391 2361 Est
421 2307 530 2360 autern
559 2293 722 2380 planicies
734 2291 775 2331 ⁴⁹⁰
802 2293 938 2380 pulchra
969 2304 1003 2360 et
1032 2294 1190 2380 spaciosa
1224 2305 1301 2360 ente
1333 2304 1477 2360 montem
1507 2293 1600 2359 Sinai
1612 2291 1668 2376 ⁴⁹¹¹,
1702 2296 1759 2360 ubi
1792 2293 1822 2356 8.

193 2415 334 2508 Moyses
370 2423 462 2507 pauit
496 2439 629 2505 gregem
664 2422 770 2486 soceri
802 2423 854 2486 sui
885 2417 1033 2502 letro⁴⁹²,
1069 2421 1201 2509 quando
1235 2420 1320 2486 uidit
1348 2420 1462 2485 rubum
1490 2421 1658 2486 ardentem
1692 2419 1759 2504 [nel

192 2543 382 2629 ardere]⁴⁹³.
429 2545 478 2609 lbi
502 2546 607 2611 eciam
630 2545 752 2612 Hebrei
775 2546 967 2632 pugnabant
991 2557 1104 2612 contra
1128 2543 1301 2626 Amalech,
1326 2547 1457 2631 quando
1480 2544 1622 2632 Moyses
1646 2545 1760 2611 orabat
1792 2547 1822 2608 9.

193 2673 226 2735 10
251 2681 363 2735 monte
383 2669 489 2752 Sinai,
514 2682 548 2735 et
565 2672 676 2736 Aaron
700 2681 733 2737 et
752 2671 820 2738 llur
843 2670 1075 2737 sustentabant
1097 2671 1230 2736 bracbia
1254 2670 1336 2735 eius.
1380 2671 1427 2734 lbi
1450 2673 1556 2737 eciam
1578 2670 1637 2736 lilii
1657 2670 1758 2737 lsrael
1794 2673 1844 2737 lb.
1911 2752 1912 2756 Ἰ

194 2794 333 2861 uitulum
375 2795 575 2862 conflatilem
587 2794 627 2834 ⁴⁹⁴
660 2796 809 2864 feceruut
843 2807 876 2862 et
901 2798 1164 2863 ‘adorauerunt'
1197 2795 1244 2859 lbi
1279 2796 1393 2863 Nadab
1429 2808 1462 2862 et
1496 2793 1635 2863 Atium
1668 2798 1758 2881 ignis
1793 2799 1843 2862 ll.

194 2923 410 3008 consumpsit

328 3048 391 3115 Est
420 3060 528 3114 autem
564 3050 596 3113 in
625 3050 711 3134 pede
742 3049 862 3115 montis
892 3048 1000 3132 Sinai,
1036 3051 1069 3114 in
1099 3048 1193 3130 loco,
1230 3048 1284 3114 ubi
1314 3049 1415 3114 rubus
1427 3045 1466 3086 ⁴⁹⁶
1499 3049 1625 3131 stabat,
1661 3070 1759 3138 quern
1794 3053 1845 3114 lu.

195 3172 334 3260 Moyses
358 3175 473 3239 ardere
496 3185 617 3259 putans
641 3175 884 3241 incombustum
908 3173 1090 3260 obstupuit,
1114 3172 1251 3259 pulchra
1270 3174 1412 3240 ecclesia
1431 3177 1463 3239 in
1484 3172 1608 3241 honore
1629 3176 1760 3241 domine

194 3310 319 3380 nostre,
345 3299 440 3365 beate
463 3300 613 3385 uirginis,
638 3307 838 3382 constructa,
863 3300 1070 3366 extrinsecus
1089 3299 1194 3385 polito
1213 3319 1372 3365 marmore
1390 3292 1558 3366 forratam
1575 3312 1606 3366 et
1624 3300 1759 3387 plumbo

194 3435 293 3505 tecta,
318 3425 518 3491 intrinsecus
544 3428 719 3492 continens
742 3425 902 3512 plurimas
931 3424 1112 3511 lampades.
1159 3424 1309 3491 Ecclesia
1341 3429 1405 3490 ista
1435 3424 1534 3491 habet
1563 3428 1759 3513 episcopum
1795 3432 1845 3495 13.

194 3560 229 3615 et
251 3549 451 3631 monachos,
476 3552 566 3617 uiros
590 3550 784 3637 religiosos,
817 3551 945 3618 Grecos
969 3562 1003 3619 et
1025 3552 1206 3634 Surianos,
1236 3550 1356 3638 quibus
1379 3563 1492 3637 preest
1514 3554 1695 3638 episcopus
1725 3553 1759 3616 in

123 3746 132 3753 ,
193 3674 431 3761 temporalibus
455 3685 488 3742 et
518 3675 756 3762 spiritualibus.
802 3677 990 3743 Notandum
1020 3648 1145 3760 autem,
1178 3677 1266 3765 quod
1295 3676 1341 3741 bii
1371 3699 1486 3742 omnes
1517 3677 1639 3743 babent
1661 3697 1760 3744 unam
1795 3683 1846 3746 11.

194 3803 334 3882 curiam,
365 3823 465 3868 unam
494 3813 617 3868 tantum
647 3814 774 3888 portem
803 3801 927 3868 firmam
956 3813 989 3868 et
1018 3802 1156 3869 ferream
1185 3801 1368 3867 habentem.
1416 3802 1512 3867 Muro‘
1538 3800 1612 3866 forti
1636 3813 1668 3868 et
1691 3802 1759 3868 alto
1795 3810 1846 3874 11.

195 3929 302 3993 cincta
333 3940 394 3994 est.
441 3929 565 3994 Omnes
597 3927 728 4016 quidem
759 3928 847 4013 capit
877 3949 941 3994 una
970 3939 1003 3993 et
1034 3929 1149 3993 eadem
1185 3918 1290 4008 curia,
1326 3929 1385 3993 sed
1421 3927 1609 3996 habitacula
1639 3929 1761 3997 babent
1795 3938 1846 3999 lo.

194 4054 383 4134 subdivisa,
415 4055 458 4118 ita
485 4055 572 4143 quod
597 4055 679 4134 duo,
702 4050 841 4118 ‘scilicet
869 4072 955 4119 unns
980 4073 1083 4118 senex
1109 4064 1141 4119 et
1171 4051 1252 4118 aiter
1271 4054 1428 4135 iuuenis,
1460 4064 1694 4137 conmeneant,
1725 4066 1761 4121 ut

194 4197 315 4273 senem·
342 4181 453 4263 possit
492 4179 624 4245 iuuenis
665 4177 850 4243 subleuare.
910 4170 1048 4262 Singula
1089 4178 1212 4244 babent
1252 4151 1421 4260 cubicula,
1462 4179 1576 4246 altaria
1616 4156 1760 4266 singula,
1798 4187 1847 4251 ll.

196 4299 385 4369 oratoria⁴⁹⁸
408 4304 550 4389 singula,
575 4306 636 4370 sed
661 4326 866 4371 communem
889 4305 1013 4372 babent
1036 4305 1215 4373 ecclesiam
1238 4326 1388 4390 magnam
1413 4319 1445 4370 et
1468 4306 1694 4392 principalem,
1719 4306 1761 4370 ad

305 4519 371 4588 188)
390 4521 531 4591 desertum]
551 4526 645 4591 supple
670 4524 901 4593 001001.-189)
921 4523 1025 4578 Arabes
1048 4526 1168 4594 oprsstsr]
1188 4533 1250 4578 sunt
1268 4523 1407 4592 Fellabis,
1430 4541 1498 4591 quos
1522 4530 1652 4597 memorat
1671 4524 1763 4577 Ritter

194 4627 258 4679 xlv
277 4625 331 4681 978
349 4644 408 4695 sqq.
433 4656 469 4666 —
497 4627 714 4701 limpidssimos]
739 4649 809 4687 nnnc
833 4629 995 4686 er-ltlhsh.
1037 4633 1265 4686 01011011οιοο
1286 4633 1299 4684 l
1320 4629 1379 4686 1911.
1405 4629 1641 4700 -“191)81001]
1667 4632 1764 4684 Dicere

195 4733 313 4788 debebat
339 4736 440 4788 Horeb.
479 4735 539 4789 vid.
565 4739 708 4793 Robinson
728 4742 740 4792 l
762 4738 821 4794 191.
847 4769 882 4780 -
906 4739 974 4809 teu)
994 4743 1086 4808 Jetro]
1104 4739 1164 4793 Vid.
1184 4741 1326 4794 1101100οο
1346 4740 1359 4793 Ι
1381 4738 1440 4793 197.
1459 4735 1580 4805 -193)
1599 4737 1761 4806 uelarderr]

195 4842 281 4894 Estne
300 4840 352 4895 boc
379 4845 515 4909 glossema
534 4848 704 4912 grsmmatici
725 4845 1025 4915 0010010001-191)
1045 4845 1212 4918 conflatilem]
1232 4850 1392 4914 cordatum,
1420 4848 1516 4900 iusum.
1536 4842 1656 4914 -191)
1677 4843 1762 4913 Abiu]

195 4947 292 5012 11110.
317 4980 352 4991 -
378 4947 446 5020 tto)
465 4949 556 5020 mbo]
576 4952 636 5006 Vid.
661 4955 803 5008 Robinson
823 4957 837 5009 l
857 4954 917 5010 160.
942 4985 977 4994 -
1003 4952 1070 5022 197)
1080 4954 1204 5024 fomute]
1229 4957 1349 5010 lorrrde.
1386 4953 1446 5008 Vid.
1476 4954 1541 5007 Dies
1567 4971 1589 5005 s.
1615 4969 1639 5004 v.
1666 4951 1763 5006 fodero

195 5075 220 5124 p.
239 5056 298 5110 118.
318 5087 352 5097 -
373 5056 439 5126 198)
458 5060 587 5128 oratoria]
607 5063 763 5129 Scriptores
783 5061 883 5131 atriti,
902 5065 946 5117 alii
968 5061 1011 5130 17,
1030 5063 1124 5118 011191
1143 5063 1260 5133 capellas
1280 5071 1434 5120 numerant:
1454 5061 1684 5117 vidlloblnsonl
1701 5061 1761 5117 tuo.

1520 5161 1539 5216 1
