4214 6096
1073 320 1130 381 124

235 492 253 609 Ξ
394 497 442 563 lbi
465 497 674 563 ostenderunt
695 496 789 562 nobis
811 505 963 576 montem,
987 496 1043 560 vbi
1063 500 1151 563 stetit
1171 499 1282 579 Ionas,
1307 507 1339 560 et
1357 497 1489 578 fontem,
1513 496 1553 561 de
1573 519 1636 583 quo
1657 496 1800 563 bibebat.
1841 497 1938 563 Vnde

236 624 302 686 set
331 636 433 699 vsquc
461 612 557 678 hodie
585 612 703 681 dicitur
729 613 800 676 fena
822 612 908 675 Ione.
952 612 1030 697 Ipsa
1049 635 1126 678 vcro
1149 616 1263 679 ciuitas
1283 610 1425 678 totaliter
1448 610 1605 677 subuersa
1626 624 1691 695 eat,
1723 624 1756 678 et
1777 624 1938 700 apparent

235 731 363 815 eaigna
386 739 417 793 et
437 727 597 793 fertilieia.
629 729 691 792 Est
712 738 819 792 autem
840 749 926 791 nunc
947 727 1132 793 reedificata
1147 753 1187 793 ox
1203 729 1268 794 alia
1282 738 1374 814 parte
1390 727 1540 809 fluminis,
1556 738 1587 793 et
1601 728 1718 793 dicitur
1735 730 1936 807 Manral¹⁴⁰).

235 832 249 880 7

235 898 250 949 8
392 845 463 909 Rex
493 846 633 908 ciuitatis
663 853 711 907 est
732 842 952 924 Christianus,
975 844 1164 909 Nestorinus
1186 856 1303 908 tamen.
1347 843 1411 923 Qui
1433 841 1570 907 libenter
1593 844 1717 909 audiuit
1737 843 1938 931 predicacio-

267 983 341 1026 nem
365 970 397 1024 et
416 961 523 1040 fidem,
548 960 604 1023 sed
630 984 693 1023 non
717 960 854 1023 mutauit
875 960 982 1021 ritum.

234 1085 249 1135 9
392 1075 440 1138 Ibi
461 1088 534 1139 sunt
554 1075 644 1138 multi
662 1073 775 1154 Iudci,
798 1084 829 1137 et
850 1075 986 1137 vicimus
1008 1098 1061 1140 eos
1084 1075 1215 1161 publica
1236 1075 1460 1160 disputacione
1482 1078 1515 1138 in
1536 1097 1705 1160 synagoga
1726 1098 1849 1141 eorum.
1929 1072 1934 1081 '

837 1272 940 1335 XVII.
983 1272 1044 1335 Da
1067 1272 1287 1338 IACOBINIS
1304 1275 1366 1349 1Η).

237 1423 248 1473 ¹
392 1423 489 1485 quta
520 1422 653 1486 eandem
685 1424 846 1485 ciuitatem
879 1445 977 1507 supra
1002 1423 1134 1486 fluuium
1158 1421 1302 1507 paradisi
1327 1434 1374 1485 est
1392 1423 1687 1486 nominatissimum
1707 1433 1739 1486 et
1760 1423 1938 1488 famosissi-

233 1510 357 1624 {mum
380 1539 611 1601 monasterium
632 1540 734 1601 saneti
757 1538 879 1602 Mathai
900 1539 1038 1624 apostoli
1056 1540 1120 1617 142).
1163 1538 1213 1601 lbi
1233 1549 1282 1600 cst
1303 1537 1395 1601 sedes
1418 1537 1603 1623 patriarche
1625 1537 1860 1604 Iacebinorum.
1893 1539 1940 1604 Et

236 1653 381 1723 edicunt
399 1652 446 1716 ibi
467 1676 538 1717 esse
559 1663 718 1717 trecentos
741 1654 923 1717 monachos.
966 1655 1019 1718 Ad
1041 1678 1120 1738 (lues
1144 1654 1349 1733 accedentes,
1372 1655 1552 1716 inuenirnus
1573 1675 1628 1717 ees
1650 1651 1796 1719 hemines
1819 1678 1939 1741 magne

236 1767 467 1835 tabutincncie
497 1780 529 1832 et
556 1769 653 1833 multe
683 1771 852 1833 oracionis
896 1771 978 1833 Nam
1002 1771 1088 1833 omni
1110 1769 1162 1832 die
1185 1781 1292 1854 preter
1315 1768 1449 1832 ecclesie
1471 1769 1628 1850 otlieium,
1655 1770 1741 1855 quod
1770 1781 1819 1835 est
1840 1772 1939 1838 valde

234 1882 445 1968 eprolixunr,
473 1884 623 1949 dicebant
645 1896 744 1948 toturn
767 1886 908 1949 ollieiurn
932 1885 1055 1949 stando.
1101 1886 1183 1947 Sunt
1203 1907 1280 1947 vcro
1302 1885 1451 1965 heretici,
1479 1884 1621 1948 dicentes
1651 1886 1684 1948 in
1706 1885 1836 1952 Christo
1865 1911 1938 1953 ease

267 2020 365 2062 vnam
397 2000 633 2082 srrbstanciarn,
667 2024 762 2063 vnam
790 2012 940 2064 naturam
971 2014 1001 2063 et
1028 2023 1125 2064 vnarn
1154 1999 1350 2064 voluntatem
1373 2012 1404 2063 et
1424 2023 1521 2063 vnam
1543 2002 1784 2086 operacionem,
1813 2003 1940 2070 scilieet

266 2126 398 2197 tanturn,
421 2127 452 2179 et
476 2138 578 2202 neque
601 2116 766 2201 baptisaut
789 2118 823 2179 in
843 2117 948 2180 forma
968 2116 1101 2179 ecclesie
1123 2139 1179 2179 seu
1200 2117 1233 2179 in
1255 2116 1359 2179 forma
1379 2116 1548 2201 euangelii,
1571 2115 1628 2179 sed
1649 2116 1779 2181 dicunt:
1801 2118 1937 2206 „Bapti-

266 2243 356 2295 zetur
377 2233 416 2297 N.
446 2234 478 2295 in
508 2234 798 2297 sanctiticacienern
830 2243 861 2295 et
890 2232 1105 2296 saluaeionern
1128 2244 1158 2295 et
1179 2233 1211 2294 in
1233 2233 1457 2316 operacionenr
1486 2233 1554 2295 sinc
1576 2232 1703 2297 defectu
1724 2245 1755 2297 et
1776 2235 1810 2297 in
1831 2257 1938 2300 resur·

234 2349 441 2414 tractionem
464 2348 680 2424 benedictam,
712 2372 774 2436 que
801 2362 849 2412 est
871 2349 1066 2411 demortuis
1089 2349 1243 2411 inritam
1267 2358 1418 2411 eternum.
1461 2347 1498 2410 ln
1522 2350 1648 2411 nornine
1670 2348 1793 2413 Patris!
1826 2373 1937 2433 amen3

267 2465 299 2527 in
321 2466 447 2528 nomine
470 2464 560 2528 Filii!
586 2486 694 2545 auren3
717 2467 899 2529 innomine
922 2465 1062 2549 Spiritus
1084 2464 1205 2540 Sancti,
1229 2464 1294 2525 vite
1317 2462 1416 2526 seculi
1438 2463 1664 2527 seculorurn!“

234 2589 249 2638 8
392 2581 574 2645 Conficiunt
597 2592 704 2642 autern
726 2579 765 2643 de
785 2581 987 2657 fermentato,
1012 2590 1042 2643 et
1065 2581 1273 2643 commiscent
1295 2578 1440 2642 similiter
1462 2579 1610 2659 farinam,
1633 2602 1761 2667 aquarn,
1783 2580 1884 2646 salem
1906 2594 1939 2648 et

233 2696 380 2777 tolcam,
402 2705 433 2760 et
456 2697 495 2760 de
516 2695 573 2759 tali
597 2694 769 2758 celebrant.
804 2696 871 2759 Nee
895 2708 1028 2781 possunt
1051 2695 1216 2759 celebrare
1238 2696 1300 2758 nisi
1324 2694 1469 2779 depone
1492 2695 1595 2758 calido
1619 2695 1668 2759 vel
1687 2695 1783 2759 valde
1802 2701 1937 2762 recenti.

216 2792 248 2911 pp
388 2814 552 2897 inungunt
573 2825 681 2875 autern
703 2824 861 2874 mortuum
883 2811 952 2875 oleo
974 2820 1095 2890 saneto,
1118 2811 1245 2894 sperando
1262 2810 1423 2896 sepelitur,
1446 2833 1509 2873 non
1530 2822 1636 2874 autern
1650 2811 1822 2877 infirmum.
1858 2814 1938 2880 Post

265 2932 394 2994 tertium
417 2952 494 2992 vero
518 2928 601 2991 diem
626 2926 789 3014 sepulture
810 2927 981 2990 inl'undnnt
1003 2949 1103 3011 supra
1124 2940 1282 2991 mortuum
1306 2949 1422 3011 aquarn
1443 2949 1608 2990 rosacearn
1626 2939 1658 2989 et
1672 2928 1829 3013 quasdam
1844 2939 1937 3015 peta·

266 3047 383 3127 aiones,
405 3060 440 3108 vt
461 3056 606 3109 mortuus
629 3043 720 3107 bibat
741 3059 772 3106 et
794 3044 903 3106 anima
919 3042 1050 3106 recedat
1070 3042 1112 3105 ad
1130 3043 1234 3107 loeurn
1255 3065 1356 3122 suurn,
1380 3055 1411 3105 et
1427 3041 1577 3126 desperet
1591 3042 1738 3108 ammodo
1752 3047 1808 3121 1⁴³)
1828 3046 1937 3111 redire

266 3184 361 3246 [resae
384 3160 427 3224 ad
449 3162 558 3240 vitam,
581 3182 677 3244 quam
700 3182 802 3244 usque
824 3168 899 3222 tune
922 3158 1032 3221 dieunt
1054 3174 1227 3242 expectare
1239 3207 1248 3239 ‚
1273 3170 1309 3221 rt
1331 3181 1387 3221 suo
1411 3159 1537 3242 corpori
1561 3161 1792 3241 coniungatur3
1821 3172 1937 3246 postea

217 3294 247 3344 12
264 3300 343 3340 vero
364 3276 504 3339 totaliter
527 3275 678 3361 desperet
702 3274 808 3337 redire
830 3284 861 3337 et
882 3274 1012 3338 recedit.
1036 3311 1076 3318 -
1097 3275 1238 3337 Peccata
1260 3298 1324 3338 non
1347 3274 1536 3336 confitentur
1557 3276 1620 3338 nisi
1643 3274 1701 3338 seli
1716 3276 1799 3356 Dee,
1822 3290 1853 3341 et
1874 3277 1938 3342 hoc

217 3393 297 3460 ltin
318 3391 473 3476 generali.
515 3389 605 3452 Alios
628 3389 769 3453 infinitos
793 3413 919 3454 errores
942 3389 1073 3453 babent.

217 3518 248 3567 14
390 3508 456 3571 Νοε
487 3518 591 3571 autern
621 3507 654 3569 in
683 3528 791 3569 corum
823 3508 1018 3570 monasterie
1040 3526 1102 3567 non
1127 3514 1316 3590 receperunt
1342 3516 1377 3567 vt
1398 3505 1557 3585 homines,
1588 3505 1646 3568 sod
1666 3517 1702 3570 vt
1723 3506 1872 3592 angelos,
1903 3520 1937 3576 et

218 3638 248 3689 15
265 3623 444 3688 narrabant
464 3624 557 3688 nobis
580 3622 745 3703 miracula,
766 3645 827 3706 que
851 3636 960 3708 patres
981 3632 1012 3683 et
1033 3620 1180 3684 monaehi
1204 3642 1314 3684 eorum
1335 3623 1367 3683 in
1390 3621 1459 3685 loco
1481 3621 1536 3684 ille
1551 3621 1703 3685 fecerunt.
1739 3620 1936 3691 Etmaxime

265 3763 363 3803 vnum
391 3739 520 3804 oculata
541 3739 604 3803 lide
625 3739 717 3804 nobis
737 3739 962 3818 ostenderunt,
985 3736 1071 3823 quod
1093 3760 1156 3801 non
1180 3739 1211 3801 in
1234 3735 1397 3817 clanculo,
1421 3736 1478 3799 sed
1499 3736 1668 3799 manifeste
1690 3741 1834 3823 contigit.
1878 3740 1935 3806 Se-

264 3854 328 3920 mel
349 3859 432 3919 enim
455 3858 642 3941 congregati
664 3856 765 3936 Curti,
789 3855 828 3918 de
851 3853 968 3938 quibus
991 3855 1137 3938 superius
1158 3854 1292 3915 lecimus
1315 3854 1524 3931 mencionem,
1545 3853 1689 3915 fecerunt
1709 3857 1888 3920 exereitum
1904 3867 1936 3922 et

265 3970 461 4037 obsederunt
482 3974 721 4051 monasterium,
746 3982 777 4035 et
798 3995 868 4035 curn
892 3969 990 4034 nichil
1016 3982 1148 4055 possent
1169 3968 1337 4053 preualere
1348 4017 1357 4048 ,
1378 3969 1455 4050 quia
1477 3980 1547 4031 erat
1568 3969 1838 4053 inexpugnabile,
1859 3973 1937 4037 irati

264 4088 356 4155 Curti
380 4086 594 4151 ascenderunt
616 4110 713 4172 super
736 4099 1063 4171 magnummontem,
1087 4087 1141 4171 qui
1164 4100 1212 4147 est
1235 4106 1331 4168 super
1354 4086 1602 4164 monasterium,
1625 4096 1656 4148 et
1678 4085 1846 4150 diruerunt
1868 4111 1935 4152 rna·

263 4206 388 4268 ximum
410 4224 524 4264 saxeno
548 4224 605 4285 per
628 4213 777 4283 ruentem,
800 4214 833 4264 rt
856 4205 981 4267 veniret
1002 4215 1089 4266 recto
1112 4225 1210 4266 cursu
1233 4222 1333 4285 supra
1357 4202 1597 4281 monasterium,
1619 4211 1655 4263 rt
1670 4202 1777 4286 ipsum
1791 4201 1937 4268 dirueret

216 4342 245 4392 16
263 4331 296 4384 et
322 4317 499 4383 monachos
527 4317 696 4380 occideret.
739 4318 926 4383 Predictnnr
954 4330 1063 4382 autern
1092 4341 1186 4382 cursu
1217 4318 1368 4402 precipiti
1391 4318 1453 4379 ruit
1476 4319 1508 4380 in
1532 4319 1717 4380 monasterii
1742 4340 1869 4382 murum
1891 4319 1935 4385 al-

262 4445 332 4500 tum
360 4447 392 4498 et
418 4436 551 4513 fortem,
588 4444 620 4496 et
647 4433 767 4497 nullum
798 4434 972 4521 dampnum
1005 4437 1097 4513 lecit,
1136 4432 1191 4496 sed
1219 4433 1314 4516 fregit
1345 4432 1385 4495 de
1414 4455 1505 4495 rnuro
1531 4443 1684 4518 quantum
1713 4443 1873 4497 muratum
1902 4437 1935 4499 in

216 4574 244 4622 17
262 4554 439 4631 murem),
468 4558 502 4612 vt
529 4551 600 4634 ipse
627 4572 738 4611 rnnrus
764 4550 883 4613 t'oreior
912 4562 1005 4615 cesset.
1056 4551 1136 4615 Cum
1165 4560 1270 4612 autern
1301 4549 1360 4611 bue
1392 4547 1536 4610 viderent
1570 4549 1762 4612 t'eroeissinri
1789 4549 1936 4616 hemines

215 4668 372 4750 18011111,
400 4677 620 4745 recesserunt,
648 4688 707 4727 nce
730 4669 799 4727 arisi
822 4679 894 4729 salut
916 4666 1054 4751 amplius
1077 4666 1192 4728 redire..
1238 4665 1303 4727 b'os
1327 4676 1433 4726 aedem
1456 4686 1581 4727 murum
1604 4664 1744 4728 vidimus
1767 4675 1798 4729 et
1820 4688 1937 4731 saxum

263 4787 297 4847 in
320 4807 412 4846 muro
433 4805 497 4845 non
517 4784 581 4845 iarn
600 4783 691 4844 iuxta
713 4782 919 4859 terra1n,sed
940 4785 971 4844 in
995 4782 1093 4844 altum
1116 4783 1148 4843 in
1170 4804 1272 4849 narro,
1295 4794 1328 4841 vt
1346 4782 1424 4842 satis
1439 4781 1564 4843 oculata
1581 4780 1643 4843 lide
1660 4792 1828 4866 appareat,
1851 4782 1939 4868 quod

263 4923 327 4964 nen
349 4922 446 4984 opere
469 4897 621 4978 bernano,
642 4896 699 4960 sed
721 4896 875 4960 miraculo
899 4897 1007 4961 diuino
1031 4898 1075 4960 ibi
1097 4897 1261 4959 remansit.

213 4989 245 5105 ἐξ
387 5014 490 5078 lllulta
510 5013 575 5077 alia
598 5013 753 5076 miracula
774 5012 953 5075 narrabant
973 5013 1081 5093 nobis,
1116 5036 1176 5096 que.
1200 5011 1328 5095 longum
1360 5026 1442 5074 esset
1466 5036 1627 5076 ernurare.
1671 5012 1739 5076 Nes
1761 5023 1867 5077 autem
1889 5014 1937 5077 in·

330 5202 397 5271 lte)
421 5199 454 5256 In
477 5199 607 5274 margine
634 5199 750 5275 legitur:
779 5200 915 5267 nlloasal,
939 5198 958 5254 i.
979 5218 1001 5255 e.
1023 5199 1077 5253 Ni·
1188 5199 1253 5269 112)
1277 5199 1391 5255 Marta·
1412 5200 1546 5275 apostoli]
1573 5197 1609 5258 V.
1631 5195 1736 5255 Ritteri
1757 5216 1857 5275 geogr.
1878 5197 1938 5262 IX.

264 5296 340 5363 aiae,
363 5300 398 5354 de
418 5298 520 5373 quibus
534 5301 662 5356 Marcus
679 5300 752 5356 libro
768 5302 867 5373 primo
888 5296 985 5370 capite
1006 5297 1039 5352 X
1046 5298 1078 5353 1⁷.
1122 5301 1179 5355 735
1200 5316 1262 5374 sqq.

263 5394 398 5454 Ceterum
423 5395 537 5454 llonsol
558 5418 624 5457 esse
645 5407 791 5458 recentem
813 5396 909 5454 lllosnl
932 5396 1078 5453 neminem
1189 5398 1257 5466 113)
1279 5397 1415 5471 arramato]
1439 5396 1559 5466 debinc,
1580 5395 1727 5474 deinceps.

263 5494 343 5571 fugit.
1188 5496 1255 5566 tlt)
1280 5495 1370 5567 neure]
1395 5496 1471 5551 llicit
1496 5494 1652 5569 llieoldus‚
1686 5504 1717 5550 ut
1738 5492 1867 5565 videtur,
1889 5513 1936 5552 aa·

135 5664 230 5688 ⁴
327 5598 396 5666 111)
420 5592 565 5651 lacebitis.
1122 5611 1189 5648 xum
1212 5611 1292 5648 muro
1316 5592 1407 5648 fracto
1430 5593 1548 5649 infixum
1567 5593 1736 5651 inhaesisse.
