4214 6096
1074 353 1093 416 6

253 538 413 594 vetustate
434 528 563 611 deletis,
594 527 711 595 deinde
732 533 854 617 pagina
874 533 971 595 tertia
992 529 1042 596 his
1063 509 1188 596 verbis:
1216 555 1262 593 um
1284 535 1315 593 in
1336 534 1483 592 ueteribus
1512 532 1663 612 lepstolrijs
1683 538 1814 610 lepamus
1836 535 1922 593 sicud

253 648 343 723 dicitt.
386 643 493 710 Locus
524 667 644 710 vacans
672 656 746 712 ante
773 645 887 713 literas
913 669 961 708 cm
989 645 1101 712 literae
1129 647 1245 711 initiali
1277 647 1451 732 apictoris
1473 668 1570 712 manu
1591 645 1802 713 exornandae
1823 646 1920 711 desti·

252 772 345 826 natus
366 761 466 826 fuisse
487 761 623 827 videmr.

376 911 468 974 Finis
496 910 573 975 libri
602 922 665 976 est:
695 915 725 973 in
753 915 809 972 ltac
836 915 928 972 eciam
952 924 1059 990 postea
1088 915 1242 990 lapidatus
1265 923 1307 972 est
1329 914 1479 973 Ieremias.
1522 917 1700 974 Benedictus
1722 916 1761 972 sit
1785 917 1865 973 Deus
1893 924 1919 973 et

250 1038 375 1088 sanctus
398 1031 546 1091 Matiene.
589 1030 689 1091 Amen.

738 1230 766 1290 2.
797 1239 1033 1289 aroanannnu
1054 1240 1309 1288 manuacense
1332 1224 1395 1300 (h).

375 1371 611 1459 Apographum
631 1374 754 1439 formae
776 1371 872 1455 iltius,
895 1394 978 1458 quae
998 1396 1017 1437 a
1038 1371 1114 1437 folio
1134 1375 1257 1436 minore
1277 1393 1394 1436 nomen
1408 1374 1519 1453 traxit,
1543 1373 1649 1440 seculo
1663 1374 1743 1440 XVI
1758 1379 1792 1440 in
1805 1377 1920 1441 charta

251 1488 426 1573 scriptoria
448 1499 634 1570 exaratum,
662 1490 853 1575 paginarum
876 1494 931 1569 72,
955 1488 1095 1574 primum
1117 1489 1258 1553 continet
1275 1488 1489 1573 fragmentum
1513 1487 1552 1553 dc
1575 1512 1669 1554 sacra
1691 1513 1805 1572 coena,
1836 1516 1865 1555 n.
1892 1500 1915 1557 t.

252 1626 283 1689 p.
306 1609 397 1684 3-9,
419 1601 536 1668 deinde
558 1603 675 1669 librum
696 1615 841 1669 nostrum
863 1606 1070 1691 inscriptum:

419 1757 602 1815 itinerarius
634 1765 714 1816 terre
736 1766 838 1816 sancte
859 1758 1076 1832 ealdelmus,
1101 1757 1196 1814 editus
1223 1776 1242 1815 a
1256 1762 1364 1831 fratre
1383 1758 1562 1816 Borclardo
1582 1760 1617 1817 de
1639 1761 1770 1836 Berple,
1787 1763 1914 1819 ‘ordinis

415 1874 648 1950 predicatorum.

375 2017 570 2103 Exemplum
601 2017 663 2083 hoc
690 2040 754 2081 non
783 2018 851 2082 sine
877 2040 954 2082 cura
983 2028 1015 2081 et
1042 2015 1209 2103 diligentia
1239 2017 1432 2100 confectum,
1470 2019 1592 2104 pagina
1624 2025 1659 2086 13
1681 2021 1918 2108 ichnographia

251 2133 409 2222 quadam,
439 2135 567 2220 paginis
590 2141 629 2200 to
652 2145 683 2199 et
705 2140 740 2198 71
767 2132 877 2197 tabula
898 2132 1118 2219 geographica
1147 2143 1295 2197 ornatum
1321 2143 1384 2215 est,
1414 2155 1474 2198 nec
1502 2133 1609 2199 indice
1630 2146 1719 2200 caret
1740 2159 1760 2200 a
1780 2136 1916 2203 librario

253 2248 394 2314 condito.
438 2248 502 2329 Qui
530 2252 562 2314 in
592 2248 803 2315 describendo
825 2262 857 2313 et
879 2247 1021 2314 codicem
1044 2247 1326 2336 Staphorstianum
1348 2259 1379 2313 et
1399 2249 1625 2315 Rudimentmn
1649 2254 1846 2317 nouiciorum
1870 2278 1917 2318 se-

251 2376 369 2450 quntus
391 2387 462 2430 csse
482 2363 619 2430 videtur.

592 2572 619 2632 3.
642 2573 668 2632 4.
691 2572 718 2630 5.
741 2580 887 2629 comens
908 2580 1221 2629 veensnivmnsns
1242 2582 1329 2629 runs
1351 2563 1414 2638 (Va
1435 2561 1487 2626 Vb
1509 2563 1578 2640 Vc).

376 2712 458 2777 Tres
480 2712 663 2778 Burchardi
692 2714 819 2778 codices
845 2723 993 2777 asservat
1013 2710 1216 2778 Bibliotheca
1236 2712 1467 2778 Universitatis
1490 2712 1771 2796 Vratislaviensis‚
1803 2714 1915 2780 eadem

250 2850 360 2892 omnes
380 2830 506 2894 ratione
528 2831 727 2917 incipientes,
750 2827 807 2893 sed
828 2829 938 2892 varios
960 2829 994 2892 in
1015 2828 1128 2893 modos
1151 2838 1315 2893 exeuntes.

376 2977 489 3044 Codex
518 2978 774 3042 vratislaviensis
800 2979 921 3063 primus
944 2976 1037 3058 (Va),
1060 2975 1339 3059 membranaceus,
1364 2977 1487 3042 formae
1509 2977 1577 3042 folii
1598 2979 1747 3060 minoris,
1770 2981 1915 3065 signatus

252 3094 310 3157 IV.
332 3094 369 3157 F.
395 3099 466 3175 191,
488 3092 597 3159 seculo
618 3093 699 3158 XIV
720 3098 818 3169 (certe
837 3103 910 3179 post
931 3114 1051 3157 annum
1073 3097 1163 3168 1317)
1186 3093 1343 3178 scriptus,
1366 3095 1505 3157 continet
1525 3091 1602 3158 folia
1625 3100 1690 3161 165.
1734 3094 1916 3159 Burchardi

252 3207 428 3294 descriptio
450 3218 556 3273 terrae
579 3218 710 3273 sanctae
732 3218 781 3273 est
801 3230 875 3295 pag.
899 3212 1068 3273 tta—151.
1112 3207 1303 3294 Tegumenti
1323 3209 1357 3272 in
1378 3207 1474 3273 dorso
1496 3208 1634 3295 legitur·
1660 3216 1800 3289 Lepenala
1820 3214 1917 3273 maior

252 3328 284 3388 S.
305 3327 467 3404 Hedwipis.
509 3324 623 3389 insunt
654 3325 687 3388 in
713 3321 774 3388 hoc
800 3321 961 3388 volumine
988 3323 1174 3388 collectivo:
1202 3321 1355 3410 Legenda
1378 3325 1481 3389 maior
1501 3325 1541 3389 dc
1562 3324 1593 3390 S.
1615 3324 1782 3410 Hedwige.
1822 3326 1918 3390 Vitae

251 3439 443 3504 Pontificum
465 3439 558 3505 Rom.
578 3439 620 3504 ad
643 3462 671 3505 a.
697 3443 784 3506 1216.
825 3438 921 3503 Vitae
943 3439 1032 3504 Rom.
1076 3440 1312 3525 imperatorum
1339 3438 1382 3504 ab
1405 3439 1585 3506 Octaviano
1613 3439 1656 3506 ad
1678 3465 1705 3507 a.
1729 3446 1815 3509 1300.
1836 3442 1915 3506 'Hi-

253 3556 355 3619 storia
376 3554 504 3621 Hieros.
527 3554 569 3620 ad
591 3555 765 3620 Robertum
788 3577 867 3620 com.
888 3555 1021 3620 Flandr.
1054 3555 1202 3641 Denique
1215 3554 1423 3621 Barchardus
1445 3557 1485 3622 de
1498 3556 1608 3623 Monte
1624 3557 1722 3644 Syon.
1759 3556 1807 3623 Cf.
1821 3557 1917 3622 Perta

252 3670 376 3736 Archiv
398 3671 444 3736 IV
465 3676 505 3737 99
528 3693 596 3758 sqq.
620 3670 670 3735 XI
690 3677 758 3740 706.

375 3820 475 3885 Liber
505 3819 573 3903 hic,
603 3821 677 3886 olim
702 3821 955 3904 „Sanctissimae
976 3821 1122 3906 Virginis
1143 3820 1268 3887 Mariae
1295 3823 1329 3886 in
1354 3821 1635 3885 Heinrichoviensi
1665 3825 1858 3888 monasterio
1881 3835 1912 3888 b.

254 3934 335 4000 Ord.
359 3935 468 4018 Cist.“‚
491 3959 575 4000 nunc
597 3951 785 4002 asservatur
806 3941 841 4003 in
860 3936 1061 4004 Bibliotheca
1083 3936 1313 4003 Universitatis
1335 3935 1609 4017 Vratislaviensis,
1632 3935 1712 4000 alias
1734 3936 1918 4004 biblotheca

253 4051 390 4115 centrali
411 4051 506 4116 dicta.

375 4200 488 4267 Codex
516 4201 567 4265 Va
596 4203 709 4288 incipit
739 4223 758 4265 a
790 4200 915 4267 verbis:
947 4206 1146 4265 Dilectissimo
1179 4207 1210 4264 in
1240 4205 1357 4265 Christo
1384 4206 1472 4264 Iltesu
1498 4205 1587 4280 patri
1606 4206 1711 4278 fratri
1736 4208 1917 4266 Burcnardo

250 4321 354 4379 lectori
365 4327 507 4396 fratrum
528 4321 643 4379 ordinis
659 4322 886 4397 predicatorum
916 4322 947 4380 in
968 4323 1178 4398 Mapdeburcl.
1221 4316 1266 4381 Et
1291 4317 1400 4380 linitur
1422 4316 1545 4382 verbis:
1575 4340 1655 4396 quem
1678 4322 1845 4397 lampadem
1873 4326 1917 4382 di·

251 4437 329 4494 citur
351 4437 477 4494 Martia
505 4439 547 4494 ad
571 4438 706 4495 honorem
734 4437 865 4513 sepulcri
891 4438 990 4495 sancti
1018 4437 1203 4496 constituisse
1224 4445 1250 4495 et
1271 4438 1410 4494 Lazarus
1423 4441 1532 4511 frater
1553 4437 1623 4495 eius.
1669 4438 1807 4513 Explicit.

975 4635 1201 4644 ——-———

375 4762 487 4829 Codex
508 4761 765 4827 vratislaviensis
788 4763 869 4829 altor
884 4765 960 4844 (Vb)
981 4765 1180 4844 chartaceus,
1200 4764 1322 4828 formae
1341 4763 1410 4829 folii
1431 4765 1574 4845 minoris,
1597 4766 1741 4850 signatus
1767 4766 1828 4829 lt*
1846 4772 1914 4837 rit.

251 4877 349 4941 habat
372 4878 654 4964 subscriptionem:
676 4883 809 4942 Finitum
830 4904 909 4943 anno
929 4885 1051 4943 Domini
1074 4887 1161 4961 1407,
1184 4884 1214 4940 in
1238 4884 1371 4942 crastino
1392 4885 1489 4942 sancti
1510 4886 1684 4959 Francisci,
1713 4886 1787 4941 lora
1809 4886 1915 4943 tercia-

251 5015 317 5052 rum
339 5000 386 5055 vet
406 4999 510 5075 quasi,·
533 4998 664 5075 corripe,
683 5000 782 5058 tector.
827 4995 887 5061 Est
907 4996 1056 5062 volumen
1078 4994 1309 5060 collectaneum
1331 4995 1479 5060 foliorum
1503 5003 1578 5078 240,
1609 4999 1642 5061 in
1665 4997 1761 5061 dorso
1782 4998 1916 5084 inscrip-

252 5118 335 5171 tum:
369 5112 503 5172 Conradi
523 5115 660 5174 Suleonis
686 5135 798 5174 summu
826 5118 861 5175 de
883 5117 1025 5175 trinitate.
1070 5110 1243 5175 Tractatus
1266 5111 1307 5175 de
1328 5121 1415 5176 terra
1434 5123 1546 5177 sancta
1574 5122 1681 5176 exstat
1702 5109 1787 5175 foliis
1809 5118 1917 5179 rut-
2002 5167 2004 5170 a

252 5227 320 5288 24⁰.
363 5223 449 5288 Olim
472 5237 541 5290 erat
562 5230 789 5293 canonicarum
810 5228 1063 5313 Augustinorum
1086 5226 1332 5312 Saganensium.

375 5371 491 5458 Incipit
513 5377 596 5439 sicut
618 5378 750 5461 primus,
771 5376 879 5439 finitur
902 5375 1025 5440 verbis:
1048 5380 1079 5438 in
1099 5379 1234 5438 missione
1256 5381 1389 5458 Spiritus
1411 5381 1517 5440 Sancti
1537 5382 1647 5440 Parthi
1668 5381 1750 5438 Medi
1774 5392 1824 5442 cet.

969 5598 1142 5607 —--———
1154 5603 1188 5607 -.-
