4214 6096
1016 351 1054 413 tt

194 528 311 593 Fratre
340 525 546 609 Borchardo,
576 549 671 612 quem
700 541 862 591 nostratem
897 527 994 610 dicit,
1028 530 1186 616 scriptum
1213 528 1298 595 dono
1331 532 1515 616 accepisse,
1545 528 1695 614 idemque
1733 530 1767 593 in
1788 529 1871 595 duas

195 654 317 710 sectum
340 653 453 730 partes
485 664 543 729 per
580 643 793 730 capitulorum
833 644 1060 731 paragraphos
1096 645 1295 711 distinxisse.
1359 645 1511 731 Sequitur
1543 643 1677 710 deinde:
1721 649 1872 725 Protopus

192 763 311 839 prinus
349 763 573 838 descriptionis,
607 761 799 846 inscriptus:
842 763 949 823 Sacris
981 765 1120 842 theolopis
1160 785 1197 823 cc
1232 766 1334 824 diuinc
1368 766 1441 842 lepis
1474 764 1732 823 concionatoribus
1762 769 1873 838 frater

200 878 430 954 Chrisostornas,
457 878 574 937 ordinis
600 879 804 955 predicatorii
829 883 969 939 alumnus
991 899 1028 938 cc
1047 882 1244 958 theodepertum
1265 882 1401 940 minimas
1423 882 1453 942 S.
1497 875 1597 942 cuim
1619 876 1654 940 in
1680 875 1744 942 fine
1767 875 1873 962 Chry·

197 1004 357 1057 sostomus
376 990 531 1056 lavellus:
559 995 683 1071 Stilnn,
709 993 827 1078 inquit,
858 997 945 1054 luins
966 997 1125 1055 rcunsndi
1140 997 1261 1072 petris,
1289 992 1483 1066 (Borchardi
1504 990 1636 1056 Almani
1656 1013 1749 1078 quern
1772 1014 1873 1079 supra

195 1118 303 1184 vocat)
335 1110 464 1187 simplici
492 1110 678 1186 conprnitotc
705 1122 871 1170 currentem
899 1121 1020 1170 seruato
1049 1112 1163 1189 quidem
1189 1113 1349 1172 omnimode
1375 1133 1429 1170 sno
1455 1131 1543 1170 sensu
1568 1114 1726 1187 pontoium
1753 1114 1873 1171 eleuare

198 1228 351 1302 constitui,
384 1246 420 1285 nc
450 1247 488 1284 eoo
514 1227 704 1302 simplicitate
733 1247 789 1285 suc
818 1227 903 1286 lectio
931 1229 1016 1304 apud
1042 1228 1131 1286 huius
1152 1230 1244 1288 seculi
1264 1229 1414 1304 sapientes
1436 1229 1505 1285 nilis
1526 1229 1680 1287 habeatur.
1722 1223 1876 1310 Apparet

198 1339 307 1425 igitur,
332 1337 600 1425 Chrysostornum
621 1338 777 1403 lavellum
800 1339 914 1422 solum,
932 1362 998 1404 non
1019 1341 1170 1405 Hostium
1192 1363 1318 1426 quoque
1333 1339 1516 1405 Burchardi
1536 1339 1653 1404 librum
1675 1338 1875 1425 paraphrasi

198 1455 481 1540 circumscriptum
503 1465 645 1519 mutasse
666 1477 705 1519 ac
726 1455 936 1521 deformasse.
978 1454 1152 1540 Prologum
1175 1455 1260 1522 hunc
1282 1458 1405 1543 excipit
1426 1460 1605 1535 universale,
1626 1454 1712 1542 quod
1733 1453 1874 1520 lavellus

195 1569 283 1652 dicit,
306 1574 512 1648 inventorinnr,
537 1571 558 1638 i.
582 1592 609 1633 e.
631 1569 730 1635 index
749 1593 769 1635 a
790 1569 914 1636 lavello
934 1573 1114 1655 confectus,
1140 1593 1204 1658 quo
1225 1572 1325 1638 multo
1346 1571 1461 1637 melius
1484 1571 1524 1636 de
1543 1568 1734 1635 Burchardo
1755 1572 1875 1635 meruit

196 1709 293 1774 quam
317 1684 512 1773 paraphrasi
536 1686 608 1767 ista,
632 1708 714 1773 quae
735 1709 821 1752 nime
843 1709 902 1774 pro
924 1687 1057 1753 meliore
1081 1698 1189 1753 textus
1210 1689 1399 1753 recensione
1420 1686 1533 1752 haberi
1555 1686 1692 1751 videtur.

319 1801 429 1867 Editio
450 1801 541 1883 haec,
564 1824 628 1888 qua
649 1801 744 1868 nobis
764 1805 810 1867 uti
832 1805 976 1889 contigit,
998 1814 1048 1869 est
1068 1805 1101 1869 in
1121 1802 1326 1869 Bibliotheca
1347 1805 1438 1889 regia
1458 1803 1670 1867 Berolincnsi.

320 1917 434 1983 Restat
465 1928 500 1982 ut
527 1939 632 2005 pauca
661 1917 820 1984 addamus
848 1920 889 1985 de
925 1919 1028 1985 altera
1054 1919 1205 1985 editionis
1233 1931 1368 1985 venetae
1399 1930 1509 2009 parte,
1546 1919 1579 1982 in
1607 1916 1873 2005 compendiosam

194 2034 340 2121 Aegypti
363 2031 616 2119 descriptionem
638 2036 796 2100 exeuntis.
838 2036 935 2101 Hune
954 2035 1031 2102 libri
1053 2035 1151 2100 finem
1163 2034 1347 2100 Burchardi
1374 2058 1437 2101 non
1459 2057 1531 2099 esse
1552 2044 1753 2120 compertum
1774 2032 1873 2097 habe·

195 2173 266 2216 rnus
288 2172 331 2214 ex
350 2150 423 2235 ipso
444 2159 595 2231 auctore,
623 2161 788 2215 asserente
810 2174 845 2216 se
867 2151 968 2217 solam
988 2163 1108 2217 terram
1130 2162 1278 2218 sanctam
1294 2151 1531 2238 descripturum
1545 2172 1626 2214 esse.
1665 2149 1713 2217 cf.
1727 2150 1877 2214 Histoire

193 2266 238 2333 lit
260 2264 301 2330 de
323 2264 355 2330 la
376 2264 504 2329 France
525 2264 610 2330 XXI
638 2271 705 2335 182.
1252 2253 1259 2265 ’

195 2401 316 2475 Edono
340 2399 406 2472 ΙΙΙ
420 2413 450 2475 er
477 2399 504 2473 I
505 2401 537 2475 V
561 2420 649 2485 1532.
675 2419 808 2478 Paroa
829 2428 857 2480 o
878 2420 975 2481 aasz.
1005 2421 1071 2482 roz.

361 2532 522 2596 Locorum
541 2543 648 2597 terrae
662 2542 794 2597 sanctae
808 2534 1019 2598 exactissima
1030 2531 1206 2621 descriptio
1221 2542 1351 2597 auctore
1365 2533 1466 2597 fratre
1479 2529 1688 2596 Brocchardo
1704 2529 1874 2596 monacho.

404 2647 515 2713 Editio
543 2646 623 2712 haee
652 2649 736 2713 inest
763 2649 797 2712 in
825 2646 910 2713 libro
939 2649 1114 2736 inscripto:
1148 2649 1261 2714 Novus
1289 2648 1378 2714 orbis
1405 2649 1595 2735 reigionum
1623 2669 1662 2712 ac
1690 2646 1872 2712 insularum

362 2763 547 2842 verteribus
569 2765 818 2850 incognitarum.
839 2801 880 2811 -
901 2801 942 2811 -
972 2764 1108 2830 Parisiis
1128 2765 1217 2852 apud
1238 2763 1411 2830 Galeotum
1432 2787 1453 2830 a
1473 2765 1574 2829 Prato
1596 2765 1630 2828 in
1651 2763 1726 2829 aula
1748 2764 1873 2827 maiore

360 2881 444 2966 regii
478 2880 593 2966 palatii
620 2878 663 2944 ad
691 2881 831 2966 primam
861 2880 1052 2946 columnam.
1094 2882 1131 2946 ln
1158 2881 1222 2946 fine
1244 2879 1377 2965 legitur:
1404 2880 1602 2968 Impressum
1624 2879 1761 2944 Parisiis
1784 2875 1872 2964 apud

362 2997 537 3060 Antonium
551 2993 769 3081 Augercllum,
784 2997 938 3082 impensis
953 2996 1084 3062 Ioannis
1096 2997 1197 3062 Parui
1215 3008 1246 3061 et
1261 2994 1390 3060 Galeoti
1403 2996 1540 3062 aPrato.
1554 2993 1870 3062 AnnoMDXXXlI.

364 3112 443 3176 Vlll
464 3110 574 3177 Galen.
598 3110 772 3176 Novembr.
800 3112 871 3176 Ful.
894 3114 969 3177 min.
1011 3112 1123 3179 Editio
1144 3112 1225 3178 haec
1245 3111 1456 3177 Beckrnanno
1477 3114 1590 3198 ignota
1610 3121 1798 3176 asservatur
1812 3109 1873 3174 Be-

362 3227 458 3291 rolini
489 3228 521 3290 in
543 3225 743 3291 bibliotheca
765 3229 858 3313 regia
879 3239 911 3292 et
931 3227 1115 3315 Hamburgi
1142 3231 1175 3293 iu
1196 3229 1399 3294 Bibliotheca
1419 3229 1622 3296 commercii.
1667 3227 1728 3294 Cui
1756 3225 1871 3291 similis

363 3352 412 3407 est
432 3342 634 3425 basileensis,
656 3344 832 3430 inscripta:

321 3476 432 3540 Novus
466 3475 555 3542 orbis
584 3476 774 3561 regiotnum
805 3497 844 3540 ac
870 3474 1050 3541 insularum
1076 3476 1240 3542 veteribus
1268 3477 1522 3562 incognitarum,
1545 3478 1551 3560 Ι
1580 3498 1740 3542 unacum
1760 3473 1874 3540 tabula

199 3592 468 3679 cosmographiea
490 3601 521 3657 et
542 3590 665 3676 aliquot
686 3591 759 3657 aliis
782 3591 959 3658 consimilis
978 3593 984 3676 Ι
1002 3594 1184 3680 argumenti
1205 3591 1340 3676 libellis,
1369 3616 1504 3681 quorum
1533 3595 1674 3659 omnium
1703 3592 1874 3678 catalogus

198 3710 346 3797 sequenti
373 3708 498 3795 patebit
526 3709 656 3795 pagina.
680 3710 685 3791 Ι
711 3708 774 3775 His
797 3711 935 3775 accessit
960 3712 1111 3797 copiosus
1139 3733 1248 3775 rerum
1276 3710 1534 3776 memorabilium
1558 3708 1666 3775 index.
1692 3711 1696 3789 Ι
1722 3709 1873 3774 Basileus

197 3825 288 3913 apud
300 3825 347 3891 Io.
362 3825 563 3911 Hervagium
584 3847 695 3890 mense
714 3825 718 3908 Ι
736 3824 867 3909 Martio,
890 3848 974 3891 anno
994 3825 1226 3892 mcxxxii
1245 3827 1251 3910 Ι
1270 3825 1336 3891 Ubi
1359 3849 1433 3913 pag.
1448 3830 1612 3897 ‘rea-329
1629 3837 1678 3890 est
1690 3824 1873 3891 Borchardi

198 3941 375 4028 descriptio
405 3952 513 4006 terrae
546 3952 685 4007 sanctae.
729 3942 879 4009 Ceterum
899 3942 1036 4008 Ioannes
1057 3942 1245 4007 Huttichius
1274 3944 1448 4008 canonicus
1475 3945 1601 4030 primus
1628 3943 1737 4028 operis
1758 3952 1872 4006 auctor

197 4058 296 4122 fuisse
332 4057 459 4124 dieitur.
510 4058 585 4123 Vid.
608 4056 729 4123 Carnus
763 4060 919 4124 memoire
950 4082 1005 4124 sur
1041 4058 1073 4124 la
1101 4057 1270 4124 collection
1298 4057 1356 4123 des
1382 4058 1505 4144 grands
1534 4069 1566 4123 ct
1592 4059 1690 4145 petits
1716 4079 1872 4143 voyages.

197 4174 292 4240 Paris
318 4181 395 4242 1802
417 4197 491 4262 pag.
514 4180 541 4240 6.
563 4211 603 4221 —-
625 4173 736 4238 Editio
760 4173 952 4239 basileensis
973 4186 1022 4240 est
1041 4178 1075 4240 in
1094 4173 1298 4240 Bibliotheca
1320 4174 1407 4260 publ.
1427 4174 1680 4260 Hamburgensi.

198 4310 320 4384 Editio
353 4309 387 4382 V
411 4327 497 4390 1536.
526 4329 671 4402 Antvcrp.
701 4325 729 4388 8.

363 4440 570 4526 Descritptio
602 4450 710 4503 terrae
735 4449 867 4504 sancus
890 4442 896 4522 Ι
922 4441 1147 4521 exactissima,
1178 4448 1291 4503 autore
1319 4438 1486 4507 Brocardo
1515 4438 1709 4523 monalcho,
1743 4438 1873 4504 libellus

363 4557 547 4622 diuinarum
570 4556 825 4641 scripturairum
856 4554 1010 4622 studiosis
1039 4555 1138 4620 multis
1158 4558 1163 4639 Ι
1181 4555 1381 4620 utilissimus.
1412 4557 1486 4638 lDe
1517 4558 1609 4621 nouis
1632 4557 1745 4622 insulis
1767 4577 1872 4642 nuper

363 4674 502 4759 repertis
530 4685 561 4736 et
593 4671 633 4736 de
663 4670 667 4752 Ι
700 4671 843 4737 moribus
872 4672 1052 4738 incolarum
1083 4671 1258 4738 eorundem
1286 4675 1290 4752 Ι
1322 4695 1379 4758 per
1409 4672 1541 4736 Petrurn
1574 4672 1754 4758 Martyrem
1784 4672 1789 4755 Ι
1816 4694 1872 4736 res

365 4790 450 4854 lectu
478 4787 586 4874 digna.
614 4788 619 4867 Ι
642 4787 843 4875 Antverpiae
867 4788 871 4870 Ι
899 4790 931 4853 in
959 4789 1094 4854 aedibus
1120 4788 1251 4854 Ioannis
1275 4788 1417 4870 Steelsii,
1443 4794 1448 4870 Ι
1473 4811 1557 4854 anno
1581 4791 1601 4853 a
1624 4789 1754 4857 Christo
1778 4791 1868 4871 nato!

363 4904 608 4971 muxxxvl.
638 4911 664 4974 8.

323 5023 522 5089 Asservatur
543 5024 576 5087 in
597 5020 802 5086 Bibliotheca
827 5020 960 5108 publica
981 5021 1233 5108 Hamburgensi.

200 5157 321 5230 Edono
357 5159 408 5230 VI
431 5180 517 5241 1537.
545 5177 642 5237 nasis.
672 5175 738 5236 roz.

367 5288 458 5352 Haec
486 5288 584 5355 editio
615 5289 773 5374 inscripta
806 5296 854 5351 est
891 5287 973 5351 sicut
999 5298 1122 5373 quarta.
1178 5287 1315 5352 Adieeta
1346 5299 1394 5352 est
1421 5288 1497 5353 huie
1524 5295 1706 5374 postremae
1735 5287 1870 5353 editioni

364 5406 528 5488 nauigatio
553 5404 663 5471 Caroli
685 5405 837 5471 Caesaris
863 5405 1010 5489 auspicio
1033 5407 1067 5469 in
1089 5406 1227 5469 comitiis
1250 5407 1438 5489 augustanis
1466 5405 1621 5469 instituta.
1662 5402 1787 5469 Prodiit
1807 5404 1869 5469 Ba·

365 5519 462 5584 sileae
484 5522 571 5607 apud
594 5525 637 5589 lo.
659 5521 859 5606 Hervagium
881 5542 991 5585 mense
1011 5521 1131 5587 Martio
1151 5543 1235 5586 anno
1256 5520 1519 5589 MDXXXVII.

326 5637 399 5703 Vid.
423 5658 498 5722 pag.
518 5644 689 5706 ass-329.
732 5637 794 5702 Est
815 5639 847 5702 in
869 5636 1073 5704 Bibliotheca
1095 5637 1227 5725 publiea
1248 5638 1498 5723 Hamburgensi.
