4214 6096
951 354 987 415 15

133 537 251 610 litato
276 535 376 609 XIV
400 555 641 629 1651119015.
671 556 699 614 1.

294 665 505 730 Beckmanno
528 688 559 751 p.
582 671 621 731 56
648 675 730 729 teste
751 664 850 728 editio
872 665 949 728 anni
974 671 1051 731 1604
1073 664 1196 729 formae
1220 664 1447 748 quaternariae
1474 665 1558 729 inest
1579 664 1703 730 Canisii
1725 667 1807 730 anti-

295 784 368 868 quis
391 780 581 845 lectionibus
603 782 624 845 f.
647 781 692 845 Vl
714 805 745 868 p.
767 785 826 847 295
850 803 919 867 sqq.

133 901 251 974 Edunt>
278 900 357 974 XV
379 919 466 981 teas.
497 916 597 977 coron.
619 917 691 993 lyr.
718 919 746 981 s.

294 1030 499 1111 Palaestina,
525 1032 528 1112 Ι
556 1051 612 1093 seu
635 1028 810 1115 descriptio
833 1041 940 1093 terrae
958 1029 963 1110 1
983 1036 1114 1092 sanctae
1137 1025 1357 1090 solertissima.
1376 1026 1381 1107 Ι
1399 1025 1543 1091 Auctore
1563 1026 1602 1090 R.
1625 1027 1661 1093 P.
1684 1028 1721 1095 F.
1744 1029 1806 1094 Bo·

296 1160 477 1211 naventura
496 1147 500 1227 ἱ
519 1145 686 1211 Brocardc
708 1146 868 1211 Monacho
892 1143 1129 1226 Theultonico,
1153 1141 1230 1206 almi
1252 1141 1386 1207 Ordinis
1406 1142 1471 1206 ΡΡ.
1492 1142 1790 1227 Praedicatorum,

295 1262 484 1326 restitutore
510 1263 515 1342 1
546 1261 583 1327 V.
604 1262 639 1326 P.
661 1263 701 1326 F.
722 1262 780 1326 Ph.
800 1261 979 1348 Bosquiero
1009 1259 1301 1343 Caesarimontano
1329 1263 1333 1337 1
1361 1257 1542 1323 Minorista.
1586 1258 1697 1325 Colon.
1728 1260 1807 1345 Agr.

297 1399 340 1442 ex
361 1377 492 1443 officina
513 1377 623 1442 Ioanis
645 1377 771 1444 Crithii.
804 1381 893 1443 1624.
922 1381 951 1443 8.
994 1375 1193 1439 Asservatur
1214 1374 1410 1459 Hamburgi.

136 1496 251 1570 lituro
278 1495 375 1569 XVI
402 1516 489 1578 1707.
515 1514 672 1572 Amicus.
703 1515 768 1573 roz.

297 1626 501 1691 Bibliotheca
529 1624 662 1712 publica
685 1623 944 1709 Hamburgensis
969 1622 1116 1710 possidet
1142 1622 1292 1688 volumen
1315 1624 1366 1688 his
1387 1621 1570 1710 praeditum
1590 1624 1808 1711 inscriptioni·

299 1743 360 1807 bus
381 1743 503 1829 hosque
527 1739 671 1826 singulos
692 1738 795 1805 libros
818 1742 1001 1805 continens:

252 1859 278 1923 l.
310 1857 522 1944 Geographia
544 1879 639 1922 sacra
661 1879 702 1921 ex
723 1856 834 1920 Veteri
855 1867 887 1920 et
907 1856 999 1921 Novo
1016 1855 1224 1921 Testamento
1247 1855 1394 1920 desumto
1416 1866 1448 1920 et
1467 1858 1500 1920 in
1522 1855 1651 1921 tabulas
1671 1867 1808 1941 quatuor

134 1976 327 2041 concinnata
348 2010 390 2022 -
412 1983 544 2038 auctore
565 1974 636 2037 Nic.
659 1973 787 2037 Sanson
811 2009 850 2018 -
872 1972 1088 2036 Accesserunt
1110 1973 1144 2035 in
1164 1972 1306 2037 indicem
1328 1971 1584 2058 geographicum
1603 1982 1701 2038 notae
1715 1973 1808 2038 Ioan-
1892 2018 1902 2035 .

135 2091 184 2155 nis
205 2090 339 2157 Clerici.
383 2089 485 2155 Crrius
508 2091 604 2154 etiam
627 2087 776 2175 praefixa
797 2098 845 2153 est
867 2089 1036 2174 praefatio.
1075 2087 1272 2153 Amstelaed.
1304 2087 1450 2152 Excudit
1470 2088 1667 2153 Franciscus
1680 2088 1808 2154 Halma.

135 2205 317 2272 ttDcclv.

235 2321 299 2386 ’Π.
327 2321 484 2387 Sansonis
505 2321 625 2385 librum
646 2318 1032 2406 excipit:0non1asticon
1051 2320 1180 2385 urbium
1202 2331 1234 2384 et
1257 2318 1401 2385 locorum
1423 2342 1537 2384 sacrae
1557 2322 1737 2408 scripturae
1754 2342 1811 2385 seu

136 2436 217 2501 liber
240 2436 280 2501 de
301 2436 382 2503 locis
404 2437 585 2520 hebraicis,
608 2437 736 2503 Graece
757 2436 897 2520 primum
920 2434 962 2499 ab
982 2435 1126 2501 Eusebio
1149 2436 1372 2517 Caesariensi,
1394 2435 1511 2500 deinde
1532 2436 1648 2500 Latine
1671 2438 1810 2522 scriptus

138 2552 179 2616 ab
199 2551 421 2639 Hieronymo,
447 2555 480 2617 in
503 2552 755 2618 commodiorem
778 2573 855 2616 vero
880 2550 1025 2616 ordinem
1047 2552 1257 2617 redactus-
1282 2557 1383 2638 operis
1401 2551 1513 2617 lacobi
1534 2553 1707 2617 Boutierii.
1749 2552 1811 2616 Re·

138 2668 260 2732 censuit
293 2677 325 2732 et
355 2667 692 2734 animadversionibus
725 2668 791 2731 suis
818 2668 911 2732 auxit
935 2667 982 2733 Io.
1011 2668 1165 2734 Clericus.
1207 2667 1356 2732 Accessit
1383 2667 1458 2732 huic
1489 2668 1624 2734 editioni
1651 2667 1812 2734 Brocardi

138 2783 285 2848 monachi
321 2806 364 2848 ex
393 2783 508 2850 ordine
537 2784 799 2871 praedicatorum
838 2783 1013 2870 descriptio
1043 2795 1150 2849 terrae
1183 2795 1324 2849 sanctae.
1366 2783 1628 2849 Amstelaedsmi.
1667 2782 1812 2848 Excedit

138 2899 254 2964 Franc.
277 2898 408 2965 Halma.
439 2906 527 2968 1707.
559 2899 629 2966 Fol.

258 3013 334 3082 Vid.
356 3039 430 3103 pag.
457 3022 629 3083 169-192.
670 3016 714 3081 Et
736 3013 912 3080 notandum
934 3026 984 3080 est
1004 3038 1077 3102 pag.
1094 3021 1154 3082 512
1174 3038 1233 3101 pro
1261 3019 1328 3098 152,
1351 3038 1383 3102 p.
1406 3020 1466 3081 560
1487 3038 1546 3102 pro
1574 3022 1630 3083 160
1655 3017 1811 3102 scriptum

138 3155 216 3198 esse.
258 3131 356 3196 Hunc
376 3130 494 3195 librum
515 3133 637 3218 excipit
657 3134 786 3196 tertius:

259 3247 315 3312 ΠΙ.
348 3246 560 3335 Geographia
582 3270 678 3312 sacra
698 3250 767 3311 sive
787 3249 903 3312 notitia
926 3250 1058 3334 antiqua
1080 3246 1275 3312 dioecesium
1290 3249 1431 3312 omnium
1449 3246 1725 3333 patriarchalium,
1747 3222 1817 3312 mee

136 3362 391 3451 tropoliticarum
420 3375 453 3428 et
481 3363 715 3451 episcopalium
744 3365 863 3428 veteris
895 3363 1053 3428 ecclesiae
1073 3399 1114 3410 —
1136 3361 1275 3428 collecta
1303 3374 1435 3428 auctore
1457 3362 1576 3429 Carolo
1605 3385 1625 3426 a
1647 3361 1678 3427 S.
1699 3362 1812 3427 Paulo.

136 3479 352 3545 Accesserant
378 3481 413 3543 in
440 3480 501 3545 hac
521 3479 664 3544 editione
685 3487 782 3544 notae
804 3489 836 3543 ct
856 3479 1155 3545 animadversiones
1176 3479 1287 3544 Lucae
1308 3478 1471 3543 Holstenii
1493 3488 1525 3542 et
1544 3500 1709 3565 parergon
1729 3479 1810 3544 uoti·

137 3596 198 3660 tiss
216 3594 343 3682 aliquot
362 3595 601 3660 ecclesiasticas
623 3607 654 3660 et
676 3594 788 3659 civiles
811 3595 949 3659 diversis
969 3596 1171 3682 temporibus
1196 3595 1300 3659 editas
1322 3594 1537 3682 complectens
1559 3616 1601 3658 ex
1622 3616 1700 3658 mss.
1723 3594 1811 3660 codi-

137 3710 235 3777 cibus.
263 3710 390 3776 Graece
412 3721 444 3775 ct
456 3711 573 3776 Latine
594 3735 666 3776 cum
688 3711 721 3775 X
742 3709 861 3775 tabulis
883 3711 1124 3797 geographicis.
1156 3710 1354 3775 Amstelaed.
1388 3711 1663 3777 ExcuditFranc.
1681 3710 1810 3780 Halma.

135 3826 315 3895 thCClII.

257 3943 322 4008 Hic
343 3943 426 4008 liber
447 3945 588 4031 primum
608 3965 747 4008 excusus
770 3954 820 4007 est
841 3965 926 4007 anno
945 3942 1132 4025 lllDCClll,
1156 3944 1206 4007 cui
1229 3965 1362 4009 numero
1384 3956 1499 4028 postea
1519 3941 1648 4006 demum
1664 3941 1811 4007 additum

136 4069 184 4125 est
203 4061 332 4145 signum
351 4059 517 4124 numerale
538 4060 565 4140 I,
587 4058 684 4146 idque
706 4059 830 4123 formae
850 4059 1014 4146 prioribus
1037 4059 1133 4147 paulo
1158 4061 1304 4124 minoris.
1338 4059 1392 4124 Ad
1414 4082 1532 4123 annum
1559 4062 1637 4124 1703
1660 4059 1694 4120 in
1715 4057 1809 4124 libris

136 4197 261 4263 quoque
284 4174 553 4262 bibliographicis
575 4177 722 4240 refertur.

258 4291 408 4379 Apparet
435 4294 532 4377 igitur
560 4294 700 4378 primum
722 4290 832 4357 Caroli
855 4314 875 4355 a
898 4293 930 4355 S.
950 4292 1052 4358 Paulo
1074 4294 1264 4378 separatim,
1300 4292 1417 4357 deinde
1439 4291 1543 4356 tribus
1564 4291 1694 4357 demum
1717 4296 1812 4358 annis

137 4419 211 4493 post
232 4409 304 4472 Nic.
327 4406 483 4473 Sansonis
506 4407 624 4472 librum
648 4431 719 4471 cum
745 4405 954 4471 Onomastico
975 4411 1063 4494 typis
1086 4431 1278 4496 expressum
1298 4431 1380 4474 esse.

256 4539 372 4604 Restat
400 4550 435 4603 ut
465 4550 610 4625 repetam
633 4563 717 4626 quae
738 4538 778 4604 de
800 4539 861 4604 hoc
882 4537 995 4602 eodem
1016 4562 1114 4625 opere
1135 4540 1214 4604 dicit
1235 4541 1348 4607 Victor
1370 4541 1517 4608 Clericus
1537 4542 1622 4606 Hist.
1648 4542 1693 4606 lit.
1716 4541 1756 4605 de
1780 4539 1812 4604 la

135 4656 262 4720 France
281 4654 364 4718 XXI
386 4660 460 4722 209:

301 4785 406 4868 „dans
439 4785 471 4850 la
497 4786 580 4851 belle
617 4785 787 4852 collection
809 4786 850 4851 de
871 4784 1007 4852 Charles
1030 4785 1157 4851 Vialart
1178 4786 1219 4851 dc
1242 4786 1446 4872 saint-Paul,
1474 4789 1606 4855 Nicolas
1629 4787 1757 4851 Sanscn
1778 4795 1812 4849 et

299 4902 377 4966 Iean
399 4901 447 4966 Le
470 4901 564 4967 Clerc
586 4902 795 4989 Geographia
818 4926 912 4967 sacra
933 4901 1142 4966 Amsterdam
1168 4909 1377 4986 1707-1711,
1400 4911 1418 4972 3
1440 4905 1503 4970 vol.
1527 4903 1683 4969 in·folio.“

259 5018 362 5082 Estne
383 5018 464 5083 haec
485 5018 596 5083 eadem
620 5018 718 5083 editio
740 5041 782 5083 an
804 5019 869 5084 alia
890 5022 1000 5106 priore
1020 5019 1205 5084 recentior?

136 5137 255 5210 Edeta>
281 5136 399 5212 XVII
424 5156 511 5218 1719.
538 5155 641 5214 Puris.
670 5156 736 5215 Fol.

301 5268 412 5333 Editio
434 5269 514 5333 haec
536 5268 620 5330 inest
641 5267 665 5330 l.
688 5267 722 5331 S.
743 5265 907 5331 hlenochii
931 5265 1142 5352 explicationi
1164 5270 1263 5333 totius
1286 5268 1475 5355 Scripturas
1497 5268 1635 5345 Sacrae,
1658 5267 1765 5332 editae
1787 5290 1808 5331 a

301 5383 530 5449 Tourneminio
551 5383 698 5447 Parisiis.
738 5383 791 5447 De
813 5405 877 5468 qua
898 5382 936 5445 cf.
958 5382 1041 5449 Hist.
1064 5383 1109 5450 lit.
1131 5385 1171 5450 dc
1191 5384 1224 5450 la
1245 5386 1300 5449 Fr.
1323 5384 1405 5449 XXI
1430 5389 1477 5449 29.
1497 5383 1686 5448 Beckmann
1709 5406 1739 5470 p.
1757 5390 1808 5447 57.

139 5504 256 5577 Edeta
279 5502 417 5577 XVIII
435 5522 523 5584 1722.
558 5521 695 5579 emersa.
721 5521 786 5579 roz.

300 5633 442 5698 Adiecta
469 5647 518 5698 est
546 5634 571 5700 l.
595 5631 707 5718 Steph.
736 5631 900 5696 Menochii
926 5635 1164 5698 commentariis
1193 5632 1313 5697 Sacrae
1341 5633 1461 5720 script.
1484 5631 1586 5698 Temo
1609 5631 1639 5696 ll
1667 5629 1808 5717 append.
