4214 6096
1013 352 1046 410 51

318 525 427 612 Supra
454 526 539 591 hane
571 538 683 591 eontra
711 527 907 591 occidentem
930 536 980 591 est
999 549 1091 592 mous
1116 530 1238 609 osone,
1269 527 1448 593 extendens
1477 551 1511 593 se
1532 539 1644 593 contra
1665 527 1898 594 occidentems

194 662 295 729 usque
314 640 458 707 Iesrahel
479 641 622 707 adduas
646 641 764 707 leucas.

315 757 369 822 De
388 757 532 823 Bethsau
559 757 602 822 ad
630 758 711 824 duas
731 758 840 823 leucas
862 768 973 823 contra
1000 757 1198 822 occidentem
1221 761 1322 825 oritur
1344 760 1418 824 fons
1440 782 1594 845 magnus,
1618 760 1743 825 duabus
1764 760 1863 825 leucis
1883 771 1917 821 10

195 896 294 960 supra
314 872 475 956 Bethsan,
503 877 557 960 qui
580 875 698 940 dicitur
712 884 789 952 sona
809 873 1014 951 paralum)
1044 874 1149 960 primo
1171 874 1385 961 Regum³³⁰)‚
1414 876 1468 941 ubi
1490 875 1665 941 Philistiim
1688 886 1865 961 posuerunt

195 997 303 1055 casua
326 1012 393 1072 sua,
418 1012 490 1055 cum
512 1003 619 1056 essent
639 992 673 1054 in
695 989 827 1070 Gelboe,
850 990 933 1053 inter
954 991 1062 1074 ipsura
1082 990 1203 1055 fontem
1227 1001 1259 1056 et
1278 991 1432 1056 Bethsan.

317 1105 369 1170 De
389 1107 478 1173 sonte
498 1109 561 1172 isto
583 1105 625 1170 ad
647 1104 827 1187 modicum,
856 1106 924 1169 lere
951 1115 1106 1190 quantum
1128 1105 1178 1170 bis
1199 1118 1305 1192 potest
1336 1109 1442 1172 iacere
1464 1129 1571 1189 arcus,
1598 1107 1782 1183 est-ciuitas
1804 1113 1865 1169 Iea·
1885 1127 1912 1178 11

194 1221 363 1304 rubel³³¹),
393 1225 427 1286 in
448 1223 519 1287 loco
540 1220 772 1306 aliquantulum
795 1219 919 1285 eleuata
940 1222 1017 1302 sita,
1047 1221 1211 1305 quondam
1238 1247 1303 1288 una
1333 1224 1490 1310 regalium
1511 1224 1678 1287 ciuitatum
1699 1224 1733 1287 in
1754 1222 1865 1298 Israel,

194 1334 250 1400 sed
272 1336 369 1401 hodie
390 1340 447 1402 uix
467 1337 566 1402 habet
586 1337 685 1400 XXX
709 1336 832 1401 domos.
872 1336 917 1401 Et
938 1337 1056 1401 dicitur
1077 1336 1172 1401 hodie
1194 1340 1445 1421 Zaraeia⁸)³³²),
1467 1350 1499 1403 et
1521 1340 1623 1403 estin
1646 1339 1729 1424 pede
1747 1339 1865 1405 montis

194 1451 319 1519 Gelboe
346 1453 389 1518 ad
418 1453 617 1518 occidentem
649 1454 721 1517 sita.
763 1452 849 1517 Ante
871 1454 962 1517 cuius
983 1454 1148 1517 introitum
1176 1453 1281 1519 adhuc
1309 1455 1488 1519 ostenditur
1514 1477 1593 1540 ager
1614 1453 1744 1519 Naboth
1763 1455 1865 1519 Iesrass

193 1566 301 1633 helite.
342 1568 387 1633 Et
410 1569 509 1633 distat
532 1568 657 1633 duabus
678 1567 778 1632 leucis
801 1567 937 1633 modicis
961 1592 981 1634 a
1003 1570 1134 1633 ciuitate
1156 1568 1300 1651 Sunam,
1333 1593 1394 1657 quc
1416 1582 1465 1636 est
1486 1570 1528 1634 ab
1550 1572 1623 1656 ipsa
1646 1581 1757 1635 contra
1777 1571 1865 1656 aqui·

192 1682 296 1749 lonem
318 1686 353 1748 iu
374 1684 475 1748 latere
497 1684 631 1749 australi
651 1686 768 1749 montis
789 1684 1012 1762 Herm0n³³³).

315 1800 374 1864 Isti
402 1799 464 1865 duo
486 1811 627 1882 montes,
661 1800 782 1864 scilieet
811 1823 902 1865 mons
921 1800 1068 1865 Hermon
1099 1815 1130 1866 et
1152 1825 1243 1868 mons
1269 1801 1409 1884 Gelboe,
1437 1805 1483 1867 ita
1492 1804 1517 1874 Ι4)
1540 1812 1613 1865 sunt
1634 1800 1803 1887 dispositi,
1830 1809 1866 1864 ut

191 1939 283 1982 mons
300 1914 426 1981 Gelboe
449 1918 489 1980 sit
511 1915 552 1980 ab
576 1927 685 1980 austro
707 1926 737 1981 et
759 1916 905 1980 Hermon
928 1916 971 1980 ab
991 1917 1151 2003 aquilone,
1176 1930 1207 1982 et
1227 1919 1363 1983 duarum
1386 1917 1587 1981 modicarum
1605 1917 1771 1981 leucarum
1791 1938 1865 2002 spa·

194 2034 278 2098 cium
300 2035 342 2097 sit
363 2034 447 2097 inter
470 2055 535 2096 cos.
576 2030 761 2117 Longitudo
782 2053 859 2097 uero
882 2054 992 2096 corum
1014 2033 1216 2119 protenditur
1238 2034 1279 2098 ab
1302 2037 1424 2099 oriente
1452 2035 1484 2096 in
1506 2033 1718 2114 occidentem,
1753 2045 1784 2097 et
1805 2048 1867 2096 ter·

191 2149 356 2213 minantur
378 2149 419 2213 ab
442 2149 564 2213 oriente
586 2147 682 2212 ambo
704 2150 737 2210 in
754 2146 903 2229 Iordane,
926 2147 1015 2233 longi
1037 2149 1162 2214 duabus
1183 2150 1281 2215 leucis
1304 2149 1354 2213 uel
1377 2149 1461 2236 plus.

313 2265 353 2329 In
375 2263 515 2350 planicie
537 2286 614 2329 uero
634 2263 825 2328 intermedia
846 2263 938 2328 multi
960 2276 991 2328 et
1012 2266 1154 2350 magale)
1175 2265 1277 2330 habiti
1300 2275 1374 2330 sunt
1395 2265 1570 2330 conflictus.
1605 2263 1657 2329 Ibi
1679 2266 1762 2328 enim
1785 2286 1864 2351 pug-

192 2380 283 2444 nauit
312 2378 447 2445 Gedeon
480 2391 592 2445 contra
624 2379 776 2463 Madian3
807 2381 884 2444 item
912 2379 993 2444 Saul
1021 2391 1132 2446 contra
1158 2381 1347 2463 Philistiim3
1374 2384 1452 2446 item
1473 2380 1588 2445 Achab
1619 2388 1730 2445 contra
1754 2379 1864 2465 Syros.

192 2492 358 2560 Modernis
380 2497 482 2560 eciam
504 2495 618 2560 dicbus
640 2495 771 2559 Tartari
784 2497 841 2573 334)
865 2496 985 2560 ibidem
1009 2496 1259 2575 conflixeruntd)
1279 2519 1352 2561 cum
1371 2496 1572 2562 sarracenis.

319 2612 413 2691 [Nota
435 2623 541 2676 autem
566 2611 606 2676 de
626 2613 687 2676 isto
708 2621 816 2676 monte
836 2612 983 2678 Hermon
994 2662 1003 2694 ‚
1035 2612 1121 2697 quod
1143 2613 1249 2678 adhuc
1272 2613 1354 2678 alius
1375 2635 1468 2678 mons
1489 2613 1632 2678 eiusdem
1654 2612 1791 2675 nominis
1814 2632 1863 2673 su·
1883 2626 1914 2677 lt

192 2733 288 2813 pra0)
312 2726 554 2794 Traconitidem
585 2732 677 2793 iuxta
705 2739 846 2791 montem
870 2727 1032 2815 sanyrf‘),
1060 2734 1112 2817 qui
1145 2742 1194 2795 est
1221 2729 1322 2794 multo
1348 2731 1452 2794 maior
1475 2740 1506 2793 et
1528 2728 1627 2793 alcior
1649 2729 1726 2808 ist03
1760 2737 1791 2791 et
1811 2725 1864 2789 ille

194 2854 251 2925 cst,
273 2842 315 2909 de
338 2866 400 2931 quo
422 2847 583 2932 scriptma
604 2847 638 2908 in
659 2843 768 2908 niultis
788 2844 869 2910 locis
891 2845 1047 2931 loquitur,
1070 2869 1134 2911 non
1155 2845 1301 2925 istel³³⁵).

316 2960 354 3025 In
375 2960 514 3047 planicie
536 2983 622 3041 uero,
646 2981 707 3046 que
728 2971 777 3025 est
798 2963 879 3025 inter
896 2976 1021 3026 montes
1038 2964 1126 3042 istos,
1147 2963 1262 3048 incipit
1284 2965 1438 3037 conualles,
1458 2983 1519 3048 qne
1536 2960 1653 3024 dicitur
1668 2944 1864 3021 illustris³³⁶l
1884 2965 1914 3015 13

196 3086 331 3161 proptor
357 3078 406 3140 sui
434 3077 640 3141 amenitatem
670 3088 700 3140 et
727 3075 941 3159 lertilitatem,
970 3091 1001 3141 et
1027 3077 1209 3141 extenditur
1238 3101 1257 3141 a
1287 3077 1357 3142 loco
1386 3079 1448 3142 isto
1471 3099 1529 3163 per
1552 3085 1653 3141 totum
1675 3074 1864 3153 descensum
1921 3055 1930 3081 ⁶

193 3190 343 3256 Iordanis
364 3214 465 3278 usquc
487 3191 530 3255 ad
551 3214 641 3256 mare
660 3202 832 3256 mortuum.
873 3191 1056 3280 Antequam
1080 3192 1280 3257 subuerterct
1300 3193 1460 3258 Dominus
1483 3191 1658 3257 Sodomam
1678 3201 1709 3256 et
1729 3188 1863 3255 Gomor-

193 3327 275 3388 ram,
305 3319 374 3370 erat
406 3312 552 3369 conuallis
580 3311 721 3386 illustris,
750 3331 812 3394 que
838 3308 1037 3395 irrigabatur
1062 3315 1137 3372 sicut
1161 3313 1330 3389 paradisus
1358 3321 1384 3370 et
1405 3313 1481 3370 sicut
1506 3315 1656 3387 quptus,
1690 3318 1725 3370 ut
1746 3305 1864 3370 dicitur

194 3418 330 3486 Genesis
352 3422 435 3487 XIII
447 3424 514 3499 ³³³).

315 3537 459 3603 Iesrahel
490 3550 596 3603 autern
625 3539 794 3626 pulchrum
821 3540 918 3606 habet
952 3540 1177 3628 prospeculum
1206 3563 1263 3626 per
1289 3551 1389 3605 totam
1413 3538 1573 3604 Galileam
1595 3536 1761 3625 usquead
1784 3536 1863 3603 Car·
1885 3549 1913 3597 lt

195 3650 311 3716 melum
334 3662 366 3717 et
385 3666 509 3719 montes
530 3655 683 3721 Phenicie
703 3667 908 3743 montemque
929 3656 1039 3721 Tabor
1061 3668 1092 3721 et
1107 3654 1236 3721 Galaad
1257 3664 1288 3719 et
1310 3654 1392 3718 ultra
1403 3654 1576 3719 Iordanem
1599 3665 1630 3719 et
1652 3663 1753 3718 totum
1775 3675 1863 3718 mon·

193 3776 256 3832 tem
277 3766 425 3855 Effraym
449 3771 613 3856 usquead
637 3771 832 3837 Carmelum.

258 3935 286 4000 a)
304 3934 445 3987 aartacbou
464 3933 504 3989 St.
522 3933 668 3989 Suuucln'm
688 3935 713 3991 li.
734 3934 851 4004 Clearelp
870 3936 919 3989 Ed.
938 3936 1006 3990 ven.
1032 3966 1063 3975 -
1089 3937 1117 4001 b)
1137 3939 1175 3989 ita
1194 3954 1245 3990 om.
1265 3935 1314 4002 St„
1335 3935 1419 3989 habet
1437 3934 1463 3988 h.
1495 3967 1523 3976 -
1551 3936 1576 4001 c)
1596 3933 1677 3986 ntulti
1703 3942 1728 3986 et
1745 3934 1824 3987 nrrrltr'
1841 3942 1865 3987 et

325 4018 413 4085 strapis
432 4018 472 4071 St.
502 4020 581 4073 inulti
605 4027 629 4073 el
655 4021 750 4089 stupui
771 4019 797 4073 h.
832 4020 962 4074 Fortasse
985 4019 1130 4089 legendum
1157 4027 1210 4078 est:
1243 4020 1322 4072 ratolti
1344 4027 1369 4072 et
1385 4038 1403 4073 a
1420 4019 1512 4073 matitia
1528 4027 1553 4073 et
1570 4018 1670 4087 rnuyrn'.
1696 4047 1727 4055 —
1755 4017 1782 4088 d)
1802 4036 1865 4071 cort·

326 4107 480 4155 struxerunt
498 4101 538 4157 St.
564 4104 745 4172 conflaremus!
761 4101 789 4159 h.
814 4133 843 4143 -
870 4107 895 4159 ci
914 4122 999 4173 ratpirn
1017 4105 1096 4173 infru
1115 4104 1149 4172 13)
1168 4104 1357 4157 traconitidem
1376 4102 1415 4158 St.
1432 4121 1518 4173 supra
1535 4103 1670 4171 regionem
1691 4103 1770 4155 Truc.
1788 4101 1813 4155 h,
1832 4132 1864 4142 -

327 4182 354 4253 f)
370 4186 474 4239 swanir
491 4184 530 4240 st.

255 4359 327 4430 329)
340 4362 417 4431 sons·
440 4360 583 4434 Iesralrel]
605 4359 640 4418 V.
666 4357 841 4429 lSarn.·29‚
870 4367 890 4418 1.
921 4358 1008 4418 Nunc
1113 4365 1184 4433 331)
1210 4359 1345 4435 Tartara]
1373 4359 1478 4419 Dies.
1508 4379 1545 4418 m.
1569 4355 1650 4435 Sept.
1679 4377 1756 4416 anno
1789 4360 1863 4417 1260

194 4451 261 4513 ’Ain
282 4455 399 4515 Iesreel.
444 4455 480 4516 V.
501 4456 597 4516 Ritter
617 4457 702 4517 XVI.
727 4463 786 4517 415
809 4477 850 4536 sq.
1051 4480 1073 4518 s.
1092 4464 1168 4519 1258
1188 4458 1226 4517 ad
1241 4458 1308 4516 'Ain
1322 4456 1474 4517 Declralrid
1494 4456 1618 4527 (fontem
1629 4454 1773 4529 Goliadis)
1791 4455 1864 4513 Ket-

256 4558 328 4627 330)
345 4555 446 4630 primo
468 4557 589 4631 Repuml
613 4556 691 4616 Sam.
714 4561 762 4631 29,
788 4564 812 4617 l.
1050 4558 1127 4634 boga
1150 4557 1224 4616 duce
1245 4558 1393 4615 victisuut
1411 4556 1527 4615 Tartari
1543 4578 1565 4615 s.
1582 4556 1702 4633 llogoli‚
1723 4562 1865 4630 regnante

258 4655 328 4724 331)
351 4655 495 4729 Iesrulrell
516 4657 635 4735 antiqua
651 4656 774 4725 Iezreel,
791 4673 892 4714 recens
909 4655 1008 4714 Zcr'in
1050 4655 1170 4731 Hulagu
1184 4655 1301 4714 Khane.
1333 4655 1370 4715 V.
1386 4655 1507 4714 Wilken
1521 4655 1574 4714 Kr.
1586 4655 1657 4716 VII.
1679 4660 1747 4726 416,
1769 4651 1865 4712 Rehm

193 4770 215 4811 s.
239 4747 344 4810 Ser'tn.
382 4750 428 4812 cf.
450 4774 477 4814 v.
501 4753 629 4814 ltaumer
650 4775 678 4833 p.
706 4761 761 4814 1411
784 4775 826 4832 sq.
1051 4753 1220 4813 Haudbuclr
1243 4753 1295 4813 der
1316 4753 1492 4814 Geschiclite
1514 4754 1566 4813 des
1589 4753 1774 4813 blittelalters
1797 4751 1864 4811 Vol.

257 4853 328 4921 332)
356 4851 501 4926 Zarace'n]
543 4851 580 4912 V.
604 4855 765 4933 scripturae
802 4852 1007 4912 diversitatem.
1050 4853 1095 4912 IV
1114 4854 1234 4912 Partem
1255 4854 1302 4912 Ill
1325 4873 1391 4932 pag.
1414 4860 1463 4917 91.

191 4947 436 5007 Emendationem
457 4964 586 5009 nostram
609 4953 793 5011 audaciorem
814 4963 928 5011 tuemur
942 4973 1008 5011 auc·
1114 4988 1185 5056 335)

195 5049 309 5106 toritatc
342 5045 494 5106 Guillermi
524 5049 608 5128 Tyrii
643 5061 672 5110 et
705 5049 801 5109 Caroli
835 5071 853 5108 a
873 5051 1009 5110 Raumer.

193 5144 230 5206 V.
251 5168 278 5205 v.
291 5146 420 5205 Raumer
433 5168 461 5226 p.
482 5154 551 5219 14ος
575 5147 768 5208 Guillermum
785 5149 860 5228 Tyr.
876 5171 902 5228 p.
924 5154 1008 5223 1037,

193 5246 241 5324 qui
264 5245 283 5305 1.
299 5245 396 5304 XXII
417 5265 442 5305 c.
461 5250 499 5308 26
521 5248 631 5307 lcsreol
651 5268 773 5326 paruum
793 5246 932 5307 Gen'uum
946 5249 1008 5306 vul·

192 5344 255 5421 gari
276 5345 474 5424 appellatione
497 5348 553 5407 dici
574 5357 705 5416 testatur,
728 5367 762 5406 ex
785 5368 841 5425 quo
863 5349 1008 5407 recentius
1252 5413 1258 5425 ,

194 5442 318 5503 Zmin
341 5443 427 5504 facile
452 5449 531 5505 nasci
553 5457 674 5526 poterat.
1050 5413 1138 5491 louge
1174 5412 1295 5472 inferrus
1330 5431 1421 5490 prope
1459 5410 1542 5471 Zoar.
1595 5410 1639 5471 cf.
1676 5433 1702 5470 v.
1738 5410 1865 5471 Raumer

254 5547 326 5617 333)
348 5546 453 5603 ineatis
472 5547 614 5621 Hermon]
645 5549 661 5607 i.
685 5566 709 5606 e.
736 5547 855 5604 minoris
883 5565 904 5604 s.
933 5545 1008 5605 Her.
1050 5533 1077 5590 l’*
1101 5517 1169 5572 240·

193 5643 436 5713 monii,1·ecentis
458 5645 544 5705 Dalii.
1112 5648 1183 5717 537)
1208 5645 1331 5704 Genesis
1352 5643 1452 5718 XIII]
1474 5663 1500 5700 v.
1528 5648 1571 5703 10,

1618 5758 1650 5808 'l'

1208 4986 1288 5043 Nota
1312 4995 1407 5042 autem
1430 5020 1468 5028 —
1489 5004 1548 5042 non
1571 4983 1633 5057 istc]
1662 4981 1769 5042 Glossa
1791 4983 1865 5044 haec

1051 5094 1107 5154 cst,
1140 5103 1233 5162 eaque
1260 5084 1385 5154 inutilis,
1421 5103 1508 5161 quum
1537 5084 1594 5141 iam
1624 5101 1712 5160 supra
1741 5080 1795 5142 lII.
1828 5090 1858 5143 11

1050 5203 1133 5241 mons
1155 5182 1289 5240 Hermon
1310 5183 1379 5239 satis
1402 5192 1537 5239 accurate
1560 5178 1748 5239 describatur.

1113 5316 1184 5387 336)
1209 5314 1353 5372 conuallis
1376 5312 1511 5389 illustris]
1541 5312 1633 5371 Vallis
1664 5313 1782 5372 illustris
1804 5324 1865 5372 erat
