4214 6096
1086 333 1143 393 150

249 532 258 581 ι
404 506 484 594 Cap.
509 507 632 573 XVIII.
674 507 793 573 Postea
813 508 847 571 in
867 507 922 573 via
944 508 987 573 ad
1008 522 1150 575 montem
1171 512 1335 575 inuenitur
1363 508 1501 575 ecelesia
1527 516 1625 571 saaca
1647 513 1750 571 Iacobi
1769 510 1957 589 Zaew'),

246 642 343 710 tque
363 635 412 687 est
432 622 671 688 Armeniorum.
714 621 780 687 Vbi
807 621 882 686 olim
911 626 1089 709 repositum
1120 628 1179 690 fuit
1209 629 1278 692 eius
1307 647 1424 711 eorpus
1446 623 1580 689 allatum
1601 646 1661 711 per
1687 646 1803 689 manus
1824 622 1957 711 angolo-

281 762 353 803 rum
375 737 415 803 de
434 738 549 824 Ioppe,
571 738 627 802 vbi
650 740 711 804 fuit
733 735 920 802 decollatus.

250 889 258 935 t
404 870 484 955 Cap.
507 870 598 933 XIX.
641 870 808 934 Inuenitur
829 871 863 934 in
883 883 990 935 monte
1012 872 1102 958 Syou
1130 872 1267 938 ecelesia
1288 881 1386 935 saneti
1407 874 1651 954 Saloutaria⁵⁴),
1674 895 1735 959 qne
1755 873 1817 937 tuit
1840 872 1957 938 domus

248 986 427 1073 tCayphe,
448 987 607 1071 principis
629 985 843 1049 sacerdotum.
885 986 923 1050 In
946 1010 1010 1073 qua
1031 988 1191 1053 Dominus
1213 990 1273 1053 fuit
1294 1000 1363 1053 tota
1393 999 1488 1052 nocte
1509 989 1653 1063 attritus,
1684 1000 1715 1053 et
1742 1000 1791 1052 est
1809 987 1856 1053 ibi
1876 1010 1958 1074 pars

247 1086 462 1203 {columpna
485 1101 527 1165 ad
551 1124 647 1188 quum
669 1101 787 1185 ligatus
809 1110 888 1164 orat.
930 1103 1054 1168 Ibidem
1077 1107 1179 1169 eciam
1201 1106 1316 1168 Petrus
1340 1104 1504 1169 Christum
1528 1115 1577 1167 ter
1598 1106 1737 1188 negauit.
1779 1104 1829 1168 lbi
1852 1107 1957 1168 eciam

282 1241 393 1285 career
416 1229 501 1297 erat,
523 1219 557 1281 iu
579 1240 674 1302 quom
696 1216 786 1281 Iudei
808 1232 985 1303 posuerunt
1007 1220 1132 1284 lhesum
1154 1233 1184 1284 et
1207 1243 1278 1283 eum
1301 1219 1476 1284 seruabant
1496 1241 1598 1304 reque.
1620 1241 1724 1300 mane,
1746 1220 1876 1305 quaudo
1898 1222 1958 1284 mi·

248 1346 393 1411 suerunt
423 1356 494 1396 eum
516 1335 657 1396 vinetum
688 1333 731 1397 ad
753 1333 914 1419 Pylatum.
954 1335 1005 1399 Ibi
1027 1338 1128 1400 eniam
1151 1348 1199 1401 est
1221 1335 1305 1422 lapis
1326 1334 1461 1421 grandis
1490 1357 1588 1420 super
1609 1334 1728 1416 altare,
1760 1338 1816 1422 qni
1837 1335 1958 1401 dicitur

248 1478 265 1527 6
282 1452 388 1537 primo
411 1450 536 1535 positus
549 1450 649 1512 fuisse
666 1471 763 1533 super
777 1461 1017 1514 monumentum
1034 1451 1221 1517 saluatoris.
1260 1451 1402 1531 Quidam
1419 1451 1540 1531 dieunt,
1559 1449 1644 1535 quod
1659 1450 1956 1533 corrosaiminitt),

283 1565 413 1652 quaudo
436 1576 590 1650 oeperunt
611 1564 824 1645 Iherusalem,
846 1566 1012 1649 fregerunt
1035 1588 1124 1650 eurrr,
1146 1567 1313 1631 eredentes
1336 1569 1480 1631 inuenire
1502 1567 1670 1631 thesauros
1693 1566 1901 1633 absconditos
1922 1568 1958 1633 in

283 1680 453 1767 sepulchro
474 1680 617 1745 Domini.
804 1657 808 1663 ¹

254 1834 261 1879 ι
409 1812 490 1897 Cap.
514 1812 589 1875 XX.
633 1812 762 1876 Deinde
783 1815 846 1875 itur
868 1813 909 1876 ad
933 1814 1055 1894 cellam,
1078 1816 1110 1878 iu
1132 1838 1194 1901 qua
1217 1815 1312 1879 beata
1334 1818 1427 1900 virgo
1449 1814 1555 1878 Maria
1577 1814 1766 1879 morabatur
1780 1815 1879 1881 XIIII
1900 1836 1955 1880 au·

249 1931 336 1995 auis
359 1939 432 2015 post
452 1932 671 1993 ascensionem
686 1929 827 1993 Domini.
863 1930 970 2015 Prope
993 1954 1088 2016 quam
1110 1943 1157 1994 est
1180 1931 1270 2006 eolla,
1292 1934 1325 1994 in
1347 1954 1410 2018 qua
1434 1934 1506 2017 ipsa
1529 1932 1684 2015 migrauit
1696 1930 1737 1995 de
1749 1931 1811 1996 hoe
1823 1930 1956 1996 mundo.

254 2051 262 2095 l

250 2113 266 2162 2
409 2061 491 2146 Cap.
513 2061 604 2125 XXI.
647 2059 699 2124 lbi
726 2072 775 2125 est
802 2064 904 2125 eciam
934 2061 1071 2125 eeclesia
1093 2068 1190 2124 sancti
1212 2070 1356 2126 Iohannis
1378 2069 1570 2142 euuuqetiste.
1614 2062 1686 2142 Qua
1717 2062 1834 2127 dieitur
1854 2064 1955 2128 fuisse

285 2180 392 2263 prima
416 2176 562 2258 ecelesia,
586 2178 619 2240 in
644 2199 707 2263 qua
728 2181 798 2265 ipse
820 2180 852 2242 in
875 2188 1048 2264 conspeetu
1069 2177 1162 2242 beate
1185 2182 1320 2261 virginis
1343 2180 1475 2242 missam
1496 2176 1682 2259 celebrauit,
1705 2178 1860 2264 quamdiu
1882 2182 1956 2267 ipsa

250 2295 378 2358 ‘ot-ixit.
421 2292 538 2356 Adhuo
560 2306 608 2357 est
630 2293 675 2358 ibi
699 2293 780 2379 lapis
803 2295 942 2377 rubeus,
966 2297 1018 2379 qui
1041 2318 1101 2381 pro
1121 2294 1215 2359 altari
1240 2306 1479 2381 transportatus
1501 2295 1559 2357 i'uit
1582 2293 1621 2357 de
1643 2306 1750 2359 moute
1772 2292 1874 2381 Syriai
1897 2318 1956 2381 per

285 2410 417 2496 angelos
438 2409 480 2473 ad
503 2432 616 2495 preces
640 2410 727 2473 beati
751 2409 876 2474 Thome
899 2411 939 2475 de.
960 2411 1060 2476 Iudea
1084 2416 1283 2475 reuertentis.

252 2562 261 2610 1
409 2543 490 2628 Cap.
511 2542 617 2605 XXII.
657 2540 719 2604 Est
746 2553 853 2605 auteur
877 2543 1003 2630 capella
1030 2545 1063 2607 in
1085 2555 1191 2607 monte
1214 2546 1319 2628 Syon,
1352 2543 1406 2606 rbi
1428 2543 1586 2607 Dominus
1617 2544 1743 2607 oenauit
1765 2564 1838 2607 eum
1860 2540 1956 2605 disei-

251 2658 369 2744 2pulis
399 2660 463 2721 suis
494 2680 610 2742 eorpus
645 2678 735 2720 strum
769 2660 815 2721 eis
845 2658 968 2739 dando,
1003 2670 1034 2722 et
1056 2658 1154 2745 pedes
1179 2682 1288 2723 eorum
1313 2658 1403 2721 lauit.
1442 2658 1491 2722 lbi
1513 2660 1614 2722 seiam
1639 2659 1730 2722 iuxta
1752 2656 1883 2722 chorum
1907 2672 1957 2722 est

285 2774 388 2855 loeus,
418 2774 471 2837 rbi
495 2772 634 2858 apostoli
655 2787 728 2860 post
750 2778 969 2839 ascensionem
993 2774 1125 2839 Domini
1149 2797 1249 2858 vsque
1270 2773 1311 2838 ad
1334 2774 1419 2838 diem
1441 2774 1660 2861 penthecostis
1681 2798 1754 2839 eum
1775 2775 1902 2838 ieiuniis
1925 2788 1955 2839 et

251 2900 267 2948 3
286 2890 492 2955 oracionibus
517 2892 709 2977 promissum
728 2889 884 2976 Spiritum
902 2892 1054 2954 Sarte-tum
1079 2901 1304 2975 exspectantes
1327 2904 1582 2976 permanserunt.
1619 2890 1677 2953 Est
1699 2889 1743 2953 ihi
1760 2888 1841 2954 alius
1854 2890 1955 2971 locus,

286 3008 342 3071 vbi
365 3006 501 3093 apostoli
525 3007 689 3093 elegerunt
713 3006 843 3071 beatum
866 3008 1022 3071 Mathiam
1047 3009 1079 3069 in
1102 3006 1282 3092 apostolum
1307 3006 1375 3071 loeo
1398 3006 1477 3070 Inde.
1499 3006 1690 3092 proditoris,
1723 3018 1754 3070 et
1775 3006 1877 3088 laeua,
1900 3006 1957 3071 vbi

253 3122 452 3208 selegerunt
475 3136 597 3210 septem
619 3123 793 3211 dyaconus.
835 3123 948 3209 Ibique
970 3128 1061 3187 quta
1085 3132 1134 3186 est
1156 3122 1237 3186 alius
1258 3122 1357 3205 leeris,
1378 3121 1431 3185 vbi
1455 3122 1594 3208 apostoli
1617 3122 1781 3207 elegerunt
1802 3122 1956 3187 Iacobum

253 3248 269 3293 5
288 3240 443 3302 minorem
463 3240 494 3302 in
518 3243 655 3324 primum
677 3241 864 3326 episcopum
890 3239 1189 3304 lerosolimitamnn.
1230 3240 1354 3303 Ibidem
1377 3254 1424 3301 est
1447 3237 1510 3302 alia
1534 3238 1660 3324 capella
1683 3236 1837 3301 desubtus
1848 3240 1900 3320 ⁵⁸),
1923 3240 1957 3301 in

252 3368 350 3439 (iqua
372 3354 532 3419 Dominus
556 3355 724 3441 diseipulis
748 3359 812 3420 suis
837 3357 988 3441 apparuit
1010 3357 1116 3418 ianuis
1140 3356 1258 3419 elausis
1282 3367 1314 3420 et
1334 3354 1468 3418 Thome.
1511 3354 1570 3417 Est
1599 3356 1699 3419 eeiaru
1728 3354 1773 3417 ibi
1795 3376 1853 3417 ras
1875 3352 1956 3439 lapi·

287 3470 391 3549 dauni,
416 3471 501 3555 quod
524 3471 642 3540 dieitur
665 3471 777 3557 peluis,
801 3476 834 3535 in
855 3496 952 3556 quam
975 3472 1134 3535 Dominus
1156 3473 1242 3535 misit
1266 3494 1393 3559 aquam,
1416 3470 1544 3555 ‹prrnulo
1564 3469 1643 3532 lauit
1662 3468 1760 3554 pedes
1784 3466 1957 3555 discipulo·

251 3556 364 3674 grum.
407 3588 451 3651 Et
476 3590 568 3652 iuxta
598 3599 646 3651 est
675 3587 854 3673 sepulerum
878 3587 989 3651 Dauid
1017 3590 1104 3672 regis
1127 3598 1158 3651 ot
1178 3588 1235 3652 filii
1259 3590 1327 3652 arius
1351 3586 1540 3650 Salomonis.
1582 3584 1633 3650 Ibi
1655 3587 1756 3649 eeiam
1778 3608 1842 3649 uon
1861 3583 1958 3673 longe

287 3712 335 3769 est
356 3704 538 3791 sepulerum
559 3703 647 3768 beati
667 3702 824 3790 Stephani
848 3704 1125 3791 prothomartiris,
1154 3703 1209 3767 vbi
1240 3713 1312 3790 post
1342 3703 1564 3766 inueneionem
1595 3702 1732 3787 positum
1754 3702 1814 3765 fuit
1836 3723 1956 3789 corpus

251 3822 364 3901 teins,
388 3820 445 3885 sed
468 3820 563 3885 modo
586 3821 685 3884 Rome
708 3845 781 3884 eum
804 3820 900 3884 beato
915 3821 1098 3884 Imnreneio
1121 3844 1183 3884 vno
1207 3820 1326 3906 gaudet
1349 3820 1614 3905 sa1·oophago.-—
1637 3819 1674 3882 In
1696 3819 1853 3883 descensu
1870 3841 1958 3883 mou-

286 3938 326 3999 tis
349 3936 438 4021 Syon
468 3947 515 4000 est
543 3936 648 4015 loeus,
678 3934 733 3999 rbi
766 3937 904 4024 aspostoli
932 3936 1094 4002 dominam
1124 3947 1266 4000 nostram
1297 3946 1463 4022 portantes
1491 3934 1532 3998 ad
1561 3934 1779 4021 sepeliendum
1813 3936 1845 3997 iu
1874 3932 1958 3999 valle

237 4069 267 4118 lo
285 4052 440 4138 Iosophat
468 4051 540 4131 [rbi]
565 4052 784 4138 (reponerent
806 4054 957 4117 feretrum
981 4056 1059 4116 eius.
1105 4053 1199 4133 Quod
1233 4053 1399 4116 audientes
1422 4050 1527 4133 ludei,
1560 4049 1743 4114 habitantes
1764 4050 1810 4114 ibi
1832 4052 1865 4114 iu
1885 4051 1957 4115 vieo

237 4186 263 4235 11
285 4190 401 4254 prope,
433 4180 641 4231 cucurrerunt
664 4168 706 4232 ad
728 4169 849 4250 haeum,
884 4181 919 4232 vt
940 4180 1090 4255 raperent
1113 4193 1230 4256 eorpus
1252 4171 1320 4233 eius
1342 4168 1384 4232 ad
1405 4166 1656 4232 conburendum.
1697 4164 1790 4230 Tune
1811 4166 1958 4253 pontifex

237 4304 267 4352 12
286 4286 403 4349 ceteris
434 4284 589 4348 audaeior
618 4287 705 4349 misit
734 4308 848 4348 ritanus
879 4284 920 4348 ad
948 4287 1118 4361 feretrum3
1152 4308 1213 4371 que
1242 4286 1349 4348 statim
1380 4296 1542 4348 attuierunt.
1588 4284 1648 4349 Coi
1677 4284 1804 4367 roganti
1827 4282 1957 4347 beatum

288 4400 437 4482 Petrum,
460 4410 494 4464 vt
517 4424 575 4487 pro
599 4424 632 4465 se
655 4415 777 4481 oraret,
799 4402 868 4486 ipse
892 4401 1059 4487 respondit
1081 4401 1208 4465 dii-ons:
1239 4406 1272 4462 Si
1294 4407 1402 4473 credis,
1436 4407 1513 4480 priori
1532 4406 1583 4461 trec
1605 4412 1647 4460 est
1669 4411 1764 4461 raater
1787 4402 1912 4474 (bristi,
1932 4412 1960 4460 et

240 4522 439 4597 rebaptizari
459 4524 607 4591 ambreris,
637 4522 761 4595 recipies
784 4521 950 4579 sanitatem.
993 4518 1056 4597 Qui
1081 4517 1232 4582 credidIt:
1263 4518 1370 4580 statim
1393 4518 1558 4579 restitutus
1582 4528 1631 4579 est
1659 4516 1793 4601 pristine
1816 4516 1959 4579 sanitati.

239 4645 268 4693 lt
288 4633 349 4698 Est
376 4635 477 4698 eeiam
508 4634 553 4697 ibi
583 4632 719 4697 eeclesia
742 4656 762 4694 a
783 4631 865 4716 algo
889 4632 975 4697 dieta
1002 4640 1087 4695 Galli
1108 4647 1232 4705 coatus,
1264 4631 1320 4695 vbi
1347 4632 1460 4695 inuitus
1484 4633 1598 4695 Petrus
1622 4633 1654 4695 in
1675 4654 1776 4695 cauea
1797 4629 1959 4717 profunda

288 4752 445 4834 pulsitans,
467 4750 552 4835 quod
574 4758 752 4834 negauerat
773 4748 947 4829 Christum,
969 4750 1058 4813 fleuit
1080 4773 1197 4814 irritare

413 4885 492 4968 (fap.
515 4882 638 4947 XXIII.
682 4880 809 4944 Deinde
838 4884 900 4944 itur
930 4880 972 4944 ad
1003 4904 1115 4966 agrurn
1139 4887 1368 4957 Aclreldemacb,
1402 4893 1543 4967 emptum
1573 4904 1633 4967 pro
1655 4878 1754 4942 XXX
1786 4882 1958 4964 argenteis,

289 4997 405 5083 quibus
429 4998 576 5063 Cln‘istus
599 4998 748 5062 venditus
769 4998 837 5062 suit.

257 5117 267 5166 ¹
415 5114 494 5199 Cap.
519 5115 643 5179 XXIV.
686 5112 814 5177 Deinde
836 5114 900 5176 itur
923 5112 965 5176 ad
986 5114 1105 5176 fontem
1127 5118 1222 5191 Sploa
1245 5112 1300 5175 rbi
1323 5112 1471 5177 Christus
1495 5114 1686 5177 illuminauit
1709 5134 1818 5175 aecum
1838 5124 1959 5176 uatum.

350 5306 400 5372 53)
423 5298 458 5357 V.
483 5300 595 5359 Tables
619 5301 830 5380 'l'opographie
857 5322 917 5360 von
937 5300 1103 5359 deursalem
1146 5297 1268 5357 Wiikeu
1289 5298 1394 5357 Gesoh.
1423 5299 1474 5357 dor
1495 5298 1676 5376 Kreuaniige
1695 5298 1748 5358 VI.
1776 5302 1961 5369 630-645,

288 5402 311 5459 1.
335 5403 393 5459 439
417 5418 454 5456 ss.
1146 5398 1240 5457 Ritter
1260 5398 1344 5458 XVI.
1367 5403 1434 5464 296.
1458 5398 1714 5476 Tobler'l'opogr.
1734 5418 1761 5457 v.
1778 5396 1868 5457 leros.
1889 5396 1914 5456 I.
1932 5400 1960 5457 9.

352 5502 403 5570 54)
427 5494 463 5555 V.
486 5496 579 5555 Ritter
599 5497 685 5557 XVI.
707 5506 765 5561 353
788 5522 810 5560 s.
1210 5503 1258 5569 ati)
1284 5499 1423 5558 Francice
1442 5500 1477 5555 de
1496 5500 1624 5556 dessous.

352 5600 401 5667 55)
427 5594 563 5653 1⁴*0rtasse
591 5610 657 5655 sum
679 5596 850 5669 Char-iurati,
882 5598 919 5657 de
951 5599 1055 5678 quibus
1076 5618 1103 5655 v.
