4214 6096
1135 346 1175 410 26

320 547 481 611 magnum,
506 524 548 589 ad
570 547 664 613 quem
684 547 786 612 usque
805 524 960 590 Ionathas
981 534 1169 611 persecutus
1192 533 1241 589 est
1262 546 1371 609 regern
1393 524 1615 607 Demetrium,
1638 527 1722 590 sicut
1742 524 1861 590 dicitur
1882 527 1991 613 primo

318 639 632 717 Machabeorumw).
677 640 741 705 Iste
770 640 886 705 fluuius
915 643 1003 705 uenit
1030 640 1070 704 de
1092 640 1266 717 Yturea⁵⁴)
1296 643 1364 704 siue
1387 639 1515 705 Galilea
1540 642 1690 725 gencium
1703 644 1759 722 ⁵⁵),
1787 638 1828 705 de
1849 640 1989 708 confinio

317 755 381 835 illo,
404 755 491 842 quod
512 755 681 820 dicebatur
702 757 877 842 antiquitus
899 764 988 820 terra
1006 754 1183 833 Roob⁸)⁵⁰)
1203 767 1236 820 et
1255 766 1368 842 postea
1381 756 1552 838 Kabulll),
1573 766 1605 820 et
1625 756 1697 820 fluit
1716 755 1776 821 sub
1796 767 1904 823 castro
1919 764 1988 821 Bel·

313 874 412 947 forth)
426 873 486 948 ⁵⁸),
518 869 604 958 quod
637 872 696 935 fuit
721 870 840 935 milicie
869 868 1049 957 templi⁵⁰),
1075 872 1168 937 iuxta
1186 871 1381 953 norman),
1411 894 1512 959 nsque
1533 894 1595 959 quo
1614 871 1708 937 Iosue
1730 882 1919 958 persecutus
1940 884 1991 941 est

316 986 433 1051 XXXI
456 1008 560 1071 reges,
584 988 665 1050 sicut
687 986 805 1051 dicitur
825 987 981 1065 Ioaue⁸¹).

282 1098 298 1145 ⁹
439 1102 491 1166 De
512 1104 573 1167 ieto
595 1102 693 1168 fluuio
714 1101 757 1167 ad
781 1102 863 1166 duras
884 1101 994 1167 leucas
1016 1112 1066 1167 est
1087 1105 1219 1182 Sarepta
1233 1103 1484 1183 Sidoniorumll),
1505 1112 1580 1166 ante
1601 1105 1691 1168 cuius
1713 1113 1842 1190 portam
1861 1114 1988 1169 austra

316 1216 378 1282 lem
410 1218 590 1283 ostenditur
620 1218 744 1305 capella
776 1220 810 1282 in
842 1218 911 1283 loco
922 1269 931 1300 ,
963 1216 1019 1281 ubi
1041 1215 1155 1280 Helias
1168 1219 1210 1295 03)
1231 1218 1390 1304 propheta
1411 1219 1499 1282 uenit
1519 1217 1561 1281 ad
1583 1217 1748 1283 mulierem
1770 1228 1989 1306 sareptenam,

315 1332 372 1397 ubi
394 1335 496 1397 eciam
516 1335 645 1416 mansit,
667 1344 699 1399 et
720 1337 790 1399 eius
814 1334 915 1399 filium
939 1335 1116 1398 suscitauit.
1152 1332 1195 1396 Et
1217 1332 1395 1398 ostenditur
1416 1332 1537 1396 ibidem
1558 1333 1754 1417 cenaculum,
1777 1335 1810 1398 in
1832 1357 1898 1422 quo
1918 1338 1986 1424 qui·

315 1451 391 1513 euit
436 1449 574 1535 Sarepta
595 1452 652 1514 uix
674 1451 754 1515 VIII
776 1450 889 1515 domos
911 1450 1022 1528 habet,
1054 1471 1126 1513 cum
1149 1461 1257 1513 tamen
1279 1450 1371 1513 ruine
1394 1452 1463 1513 eius
1487 1449 1658 1515 ostendant
1678 1472 1749 1515 eam
1770 1450 1870 1516 fuisse
1892 1451 1991 1518 ualde

316 1564 500 1649 gloriosam.

266 1682 297 1731 ¹⁰
439 1680 580 1745 Indead
601 1680 683 1745 duas
705 1680 813 1746 leucas
836 1691 884 1746 est
898 1683 1053 1762 3160604),
1073 1701 1194 1766 magna
1214 1679 1293 1744 iubs
1306 1678 1469 1763 Phenieie,
1491 1681 1581 1745 cuius
1603 1681 1857 1766 magnitudinem
1877 1683 1987 1750 adhuc

315 1797 407 1860 ruine
430 1806 633 1878 attestantur,
656 1819 717 1884 que
741 1797 843 1860 eciam
866 1799 988 1883 scripta
1010 1798 1067 1861 trix
1089 1795 1315 1874 crederetur).
1358 1796 1436 1861 Fuit
1457 1807 1565 1861 autem
1585 1798 1619 1860 in
1641 1818 1755 1883 campo
1779 1796 1985 1886 perlongum

313 1910 485 1998 disposita,
515 1912 649 1977 tendens
672 1912 713 1977 ab
736 1923 846 1978 austro
867 1913 901 1976 in
923 1912 1121 1999 aquilonem,
1157 1911 1345 1976 submonte
1366 1911 1568 1994 Antilibano,
1599 1914 1683 1977 inter
1704 1914 1811 1999 ipsum
1831 1924 1864 1978 et
1884 1938 1986 1999 mare,

219 2023 225 2030 ’
313 2031 496 2114 speciosadl
518 2028 621 2093 uralde.
665 2028 717 2093 De
742 2031 842 2092 ruinis
865 2040 973 2093 tamen
996 2030 1064 2093 eius
1085 2027 1150 2093 alia
1174 2038 1223 2093 est
1242 2027 1410 2109 edificata,
1432 2050 1537 2113 parua
1558 2027 1702 2115 quidem,
1724 2029 1780 2094 sed
1799 2033 1934 2115 munita,
1955 2034 1983 2096 si

312 2142 447 2208 heberet
469 2144 662 2211 defensaret.
705 2144 749 2209 Et
778 2156 827 2210 est
848 2169 888 2210 ex
913 2156 1006 2232 parte
1020 2147 1061 2222 05)
1082 2167 1148 2209 una
1170 2147 1203 2208 in
1226 2144 1323 2209 corde
1346 2146 1446 2208 maris
1467 2146 1544 2226 sita,
1576 2143 1698 2209 habens
1725 2144 1802 2209 hinc
1819 2146 1897 2213 inde
1918 2147 1983 2214 duo

312 2273 420 2323 castra
443 2261 522 2324 satis
543 2262 676 2342 munita,
698 2284 798 2325 unum
820 2261 861 2325 ab
883 2260 1043 2348 aquilone,
1067 2263 1100 2324 in
1122 2283 1203 2347 rupe
1225 2260 1365 2348 quadam
1386 2261 1420 2324 in
1443 2259 1539 2324 corde
1560 2262 1660 2325 maris
1682 2262 1788 2345 situm,
1813 2262 1901 2350 quod
1923 2264 1982 2330 ibi-

311 2374 385 2439 dem
407 2375 641 2441 edificauerunt
660 2379 834 2463 peregrini,
857 2379 912 2462 qui
934 2376 974 2441 de
996 2377 1178 2442 Theutonia
1198 2388 1363 2457 uenerant,
1385 2374 1473 2440 aliud
1493 2397 1534 2439 cx
1555 2387 1649 2461 parte
1671 2377 1823 2462 australi,
1845 2383 1879 2444 in
1901 2380 1984 2448 colle

311 2493 417 2574 situm,
442 2494 521 2557 satis
542 2492 669 2555 firmum
683 2492 734 2567 66).
778 2491 849 2571 Quo
872 2503 980 2558 castra
1003 2517 1074 2558 cunr
1097 2494 1229 2558 ciuitate
1248 2493 1366 2557 milites
1388 2490 1499 2577 templi
1522 2494 1690 2569 tenentV).

435 2607 539 2672 Terra
562 2607 714 2671 adiacens
735 2608 853 2672 fertilis
861 2616 886 2687 θ)
909 2621 958 2673 est
977 2608 1088 2690 ualde,
1110 2608 1301 2673 habundans
1324 2606 1471 2673 omnibus
1492 2606 1586 2672 bonis
1608 2620 1640 2671 et
1660 2618 1736 2672 aere
1757 2608 1980 2679 saluberrimo.

311 2724 352 2788 Et
374 2735 446 2789 sunt
468 2723 588 2788 ibidem
611 2746 713 2788 canno
734 2724 838 2789 mellis
861 2736 891 2788 et
914 2727 1006 2790 uinee
1028 2724 1124 2789 ualde
1146 2723 1239 2788 bone.

375 2911 402 2972 a)
423 2906 488 2959 eoo
506 2908 547 2961 St.
573 2938 606 2947 -
630 2907 658 2972 b)
676 2907 808 2977 belosord
827 2906 866 2962 St.
891 2939 925 2947 —
947 2914 973 2975 c)
996 2908 1168 2960 erederastur
1187 2905 1220 2959 St
1231 2904 1257 2961 h.
1301 2903 1381 2968 Quod
1403 2903 1576 2957 correximus.
1599 2935 1630 2944 —
1655 2906 1684 2973 d)
1708 2908 1834 2977 spacioso
1854 2910 1894 2965 St,
1920 2930 1982 2983 qn.

442 2991 518 3042 cioca
538 2989 566 3045 h.
585 3020 618 3028 -
637 2993 663 3055 e)
680 2991 785 3044 sterilia
805 2990 929 3061 (passim)
947 2990 985 3046 st.
998 2990 1109 3061 fertilia
1127 2989 1153 3042 h.

306 3159 371 3229 fort,
396 3180 454 3218 non
476 3160 514 3218 ad
536 3160 642 3221 Kebir.
685 3161 746 3221 Sed
768 3161 1123 3235 vid.ltitterxV11<1).
1228 3163 1278 3233 60)
1300 3161 1426 3235 Horma]
1450 3159 1517 3221 Vid.
1534 3160 1641 3219 Iosnae
1661 3161 1750 3224 XIX.
1773 3167 1822 3235 29,
1843 3164 1980 3227 ubiVuI·

308 3261 345 3316 te
368 3278 391 3315 s.
421 3270 450 3316 et
476 3278 533 3316 van
560 3258 596 3318 de
627 3260 721 3319 Valde
750 3260 874 3319 Memoir
900 3283 929 3340 p.
957 3266 1014 3322 330
1045 3283 1067 3322 a.
1096 3286 1123 3322 v.
1164 3270 1235 3338 gata
1262 3259 1351 3318 habet
1373 3258 1503 3329 Horma,
1530 3280 1589 3317 non
1611 3259 1721 3333 Rama,
1753 3276 1980 3344 quemquamst

307 3354 442 3417 Leontos.
1164 3370 1260 3418 textus
1283 3359 1436 3418 hebraicus
1469 3368 1498 3416 et
1520 3358 1665 3417 Lutherus
1687 3359 1758 3419 dant
1779 3360 1881 3423 Rama.
1922 3362 1979 3425 Re-

366 3459 417 3527 53)
435 3456 535 3530 primo
558 3458 797 3533 rlluclrabeoru-ra]
820 3458 891 3518 XII.
916 3464 962 3519 30.
1165 3467 1262 3516 centes
1289 3456 1450 3534 geographi
1479 3455 1580 3516 urbem
1602 3458 1715 3517 Horma
1746 3461 1836 3520 multo
1858 3461 1978 3523 inferius

370 3556 419 3623 541..
439 3556 641 3632 Iste-l'tarea]
675 3557 783 3615 flumen
809 3557 979 3634 Kissimijeh
1004 3557 1122 3616 Vende·
1164 3555 1312 3615 meridiem
1334 3575 1435 3615 versus
1459 3564 1578 3633 ponunt.
1615 3555 1660 3616 cf.
1681 3578 1709 3617 v.
1723 3557 1852 3618 Mamer
1864 3581 1891 3640 p.
1912 3565 1978 3624 184.

305 3650 402 3710 veldio
433 3653 452 3714 l.
481 3674 505 3711 c.
532 3664 650 3714 auctore
678 3657 768 3714 oritur
794 3656 823 3715 in
852 3656 930 3715 valle
958 3655 1122 3716 el-Belsi’a
1226 3661 1277 3721 61)
1300 3664 1331 3712 ut
1352 3655 1463 3713 dicitur
1486 3657 1581 3731 Iotae]
1605 3655 1677 3716 XII.
1702 3662 1727 3715 7.
1760 3656 1821 3717 Sed
1839 3660 1916 3721 cic.¹
1929 3660 1977 3720 XI

305 3748 443 3824 (Brika'a,
475 3774 565 3831 propo
587 3755 729 3815 Baalbelr.
773 3755 936 3815 Et-Beka'a
958 3764 1055 3815 autem
1077 3764 1121 3815 est
1162 3775 1189 3814 v.
1213 3759 1240 3814 3.
1263 3759 1289 3814 8.
1315 3760 1360 3826 17,
1382 3753 1431 3813 ubi
1453 3756 1559 3814 montis
1577 3755 1708 3815 Hermon
1726 3766 1755 3815 et
1776 3759 1908 3831 „montis,
1929 3780 1977 3819 cu·

305 3849 430 3920 Ituraea,
459 3853 482 3909 si
511 3855 641 3932 sequaris
662 3854 805 3913 Ritterum
826 3853 920 3912 XVII
941 3841 992 3929 (1²).
1015 3858 1073 3916 226
1096 3876 1118 3917 s.
1161 3853 1206 3912 ius
1235 3873 1303 3932 pars
1330 3852 1489 3912 descendat
1516 3854 1546 3912 in
1578 3853 1681 3924 Seir‚“
1710 3857 1816 3915 mentio
1846 3858 1886 3916 fit.
1930 3856 1976 3919 cf.

304 3945 349 4006 Of.
372 3969 398 4008 v.
421 3949 657 4030 Enumeratio
680 3963 709 4011 et
731 3959 799 4014 207.
1161 3952 1254 4012 Ritter
1274 3951 1334 4010 XV
1357 3956 1408 4026 (13.
1436 3957 1499 4013 152.

367 4052 417 4119 55)
441 4046 561 4106 Gallim
581 4050 723 4126 980οῘ001]
743 4050 878 4111 Galilaea
897 4052 1042 4128 gentium,
1065 4053 1094 4109 Γ
1089 4076 1119 4110 “-
1224 4070 1274 4140 62)
1295 4068 1426 4142 Sarepta
1455 4067 1652 4142 Sidoniorum]
1688 4066 1812 4148 Sarepta
1839 4068 1977 4132 hebraice

301 4143 396 4202 lilaea
422 4148 480 4205 τῶν
508 4144 623 4215 ἐθνῶν,
656 4169 744 4227 qumm
773 4149 841 4208 dicit
867 4149 1033 4209 Matthaeus
1066 4151 1118 4211 IV.
1162 4175 1248 4224 mat
1275 4165 1411 4244 zappatl,
1454 4165 1533 4224 Villa
1567 4186 1669 4225 recens
1701 4166 1862 4237 sumfend,
1899 4188 1976 4248 quae

308 4250 341 4305 15
364 4264 403 4317 a,
430 4256 473 4303 est
498 4244 632 4306 Galilaea
659 4249 907 4327 septentrionalis:
942 4249 1001 4309 vid.
1026 4249 1120 4309 Ritter
1162 4284 1239 4323 mmo
1267 4284 1330 4323 cum
1362 4263 1486 4343 Sarepta
1515 4267 1650 4344 componi
1680 4267 1768 4338 solet,
1803 4278 1832 4324 et
1858 4266 1977 4346 longius

300 4340 388 4401 XVI.
413 4348 479 4405 688.
1160 4364 1387 4442 septentrionem
1409 4384 1510 4422 versus
1534 4365 1589 4421 sita
1611 4374 1663 4436 est,
1685 4374 1714 4423 et
1734 4376 1801 4443 post
1815 4364 1976 4426 Burcbardi

364 4447 413 4516 56)
450 4452 534 4501 lem
573 4445 662 4519 ll⁰⁰⁶l
695 4445 768 4502 Bl'lh
802 4445 906 4504 ll0h0b
941 4457 1117 4504 10011101οῐ10
1159 4461 1275 4520 demum
1303 4473 1434 4541 tempora
1457 4461 1581 4520 condita.
1626 4460 1671 4522 Cf.
1694 4463 1786 4522 Ritter
1806 4463 1900 4524 XVII
1922 4469 1933 4538 (
1955 4470 1976 4540 ).

301 4542 330 4600 II
354 4539 432 4601 Sam.
464 4549 514 4614 10,
543 4548 569 4601 6.
618 4541 751 4601 Indicum
782 4543 898 4603 XVIII.
929 4548 982 4616 283
1016 4544 1116 4604 Cavea
1159 4565 1226 4631 354,
1248 4583 1274 4619 v,
1296 4561 1425 4619 Raumer
1445 4582 1472 4640 p,
1499 4565 1563 4620 127,

300 4641 384 4700 Roob
413 4662 431 4699 a
458 4639 612 4698 Willermo
631 4640 724 4719 Tyrio
748 4643 811 4702 hist.
832 4643 880 4703 lib.
904 4643 979 4701 XVI
1010 4663 1032 4702 c.
1051 4643 1115 4703 XII
1222 4681 1271 4749 (33)
1293 4677 1410 4751 Helm]
1439 4678 1485 4734 De
1508 4675 1575 4733 Elia
1609 4675 1751 4755 propheta
1781 4677 1839 4737 vid,
1862 4676 1877 4736 1
1898 4677 1975 4755 Reg

299 4762 327 4819 p.
349 4741 416 4801 808.
467 4740 507 4798 Et
529 4740 584 4798 hoc
606 4739 671 4798 loco
692 4740 826 4799 attendas
848 4743 986 4821 imprimis
1009 4742 1047 4800 ad
1069 4742 1114 4801 Io·
1155 4774 1250 4833 XVH
1271 4797 1297 4835 v·
1325 4780 1449 4836 10-23·

299 4859 368 4898 suae
390 4839 478 4898 XIX·
502 4842 549 4898 23·
1219 4894 1268 4962 64)
1291 4891 1392 4965 Sidon]
1416 4890 1462 4949 of.
1484 4890 1578 4949 Ritter
1596 4889 1690 4949 XVII
1712 4893 1763 4965 (1).
1788 4894 1845 4951 330
1868 4912 1931 4971 sqq.

363 4943 411 4997 573
437 4937 546 5012 Kubul]
570 4936 638 4997 Vid.
661 4937 674 4995 I
697 4937 770 5013 Reg.
793 4936 894 4997 VIIII.
921 4945 963 4998 13.
988 4940 1112 4998 Hebrai-

300 5056 363 5093 curn
385 5037 441 5113 'req
463 5037 538 5095 infra
560 5057 625 5095 cum
648 5035 791 5115 Ilecapoli
814 5040 1004 5115 componitur.
1220 5007 1271 5077 65)
1297 5008 1335 5065 El
1357 5015 1400 5063 ⁶⁸²
1421 5027 1458 5063 ω’
1469 5006 1569 5082 Pam]
1593 5007 1640 5066 De
1654 5005 1710 5065 ¹¹⁰⁰
1724 5004 1884 5064 Burcbardi
1898 5006 1973 5080 ¹⁰⁰0’

362 5138 411 5206 58)
436 5137 563 5212 Rem]
594 5156 672 5194 nunc
693 5134 794 5193 Kal-a,
816 5134 1033 5198 θεώ-δώῃ
1080 5137 1114 5194 V⁸
1157 5104 1321 5182 quipergit
1345 5105 1494 5185 usquead
1516 5105 1621 5164 verba:
1645 5107 1732 5162 sitam
1753 5105 1975 5182 satisfirmam,
2040 5183 2043 5187 p

298 5229 450 5290 Robinson
473 5234 536 5295 Pal,
554 5234 609 5296 HI⁸
635 5240 692 5295 654
716 5246 774 5294 not·
802 5241 825 5295 l.
854 5234 1005 5294 &Ritter
1022 5236 1115 5294 XVII
1158 5201 1275 5260 uberius
1298 5201 1428 5283 disputat
1450 5204 1579 5263 Ritterus
1601 5202 1693 5262 XVII
1716 5206 1767 5275 (1).
1791 5208 1858 5264 394.

206 5376 209 5383 .
298 5330 350 5403 (1).
375 5334 431 5390 309
458 5352 518 5410 sqq.
1219 5323 1269 5391 ee)
1287 5319 1504 5394 peregrini-
1525 5319 1744 5397 autisſsrmum]
1772 5318 1840 5377 Hoc
1861 5317 1972 5378 tactum

360 5432 409 5491 50)
432 5433 509 5504 qaod
526 5431 589 5501 fuit
612 5431 716 5490 milicie
739 5433 846 5508 templi]
869 5431 907 5491 ab
931 5436 1008 5490 atino
1036 5435 1110 5492 1210
1154 5426 1199 5474 est
1220 5437 1297 5475 ³¹¹¹¹⁰
1324 5421 1409 5478 ¹227·
1453 5418 1519 5478 Vld·
1542 5417 1634 5476 lllllssr
1654 5417 1748 5476 XVII
1770 5420 1822 5490 (1).
1844 5421 1912 5478 393·

299 5546 389 5605 usqne
424 5526 462 5584 ad
488 5548 595 5585 annum
628 5534 713 5591 1268,
763 5534 897 5610 Apparet
929 5531 1016 5608 igitur
1046 5540 1112 5610 post
1217 5536 1267 5603 67)
1293 5534 1357 5596 Qae
1380 5542 1482 5590 castra
1513 5564 1550 5573 —
1581 5533 1681 5606 templi
1703 5533 1807 5608 tenent]
1838 5531 1967 5591 Ritterns

297 5645 405 5684 annum
433 5627 508 5685 1260
530 5628 679 5704 scripsisse
702 5627 911 5688 Burcbardum.
1154 5627 1245 5687 XVII
1274 5637 1337 5704 11).
1375 5636 1432 5691 303
1462 5629 1546 5688 docet
1581 5630 1635 5689 hoc
1673 5630 1776 5689 cadere
1809 5631 1838 5688 in
1874 5651 1971 5689 annos
