4214 6096
839 699 1060 760 „45-

167 888 271 956 multo
294 898 490 975 peruenerat
512 878 685 966 comitatu3
711 887 771 951 sed
795 906 893 952 manu
917 886 981 952 Dei
1005 886 1197 951 mirabiliter
1219 898 1251 952 et
1275 886 1317 952 ad
1341 908 1381 951 se
1403 888 1656 954 misericorditer
1678 898 1731 953 est

168 1036 384 1101 repercussus
393 1012 439 1078 ⁵¹⁹.
475 1013 585 1080 Turbo
609 1014 696 1079 euim
719 1013 852 1078 ualidus
877 1024 912 1079 et
929 1013 1136 1094 tenebrosus,
1161 1033 1203 1079 ne
1222 1033 1308 1097 opus
1325 1012 1497 1098 perficeret
1514 1016 1730 1096 tenebrarum,
1765 1019 1795 1081 2.

169 1143 258 1228 quod
283 1153 426 1226 ceperat,
450 1143 558 1225 ipsum
582 1139 727 1206 tenebris
751 1137 975 1225 palpabilibus
984 1135 1022 1176 ⁵²⁰
1045 1139 1222 1223 occupauit
1245 1151 1311 1205 tam
1335 1151 1445 1204 mente
1465 1160 1564 1226 quaru
1581 1159 1730 1224 corpore,

169 1279 201 1331 et
230 1265 386 1332 inuoluit,
428 1264 529 1332 Terre
557 1276 668 1330 motus
698 1265 801 1330 eciam
831 1265 916 1330 adeo
944 1284 1087 1350 magnus
1116 1263 1227 1330 tactus·
1255 1275 1323 1345 est,
1358 1275 1395 1330 ut
1428 1276 1560 1330 montes
1592 1276 1731 1346 ruerent,
1766 1270 1795 1331 3.

168 1394 277 1477 ipsum
308 1402 476 1456 auctorem
496 1360 646 1456 'sceleris
675 1389 744 1456 fere
773 1390 939 1457 trahentes
966 1391 1000 1455 iu
1028 1389 1211 1475 periculum
1240 1401 1275 1454 et
1303 1390 1437 1456 ruinam.
1484 1391 1592 1456 Ruina
1623 1401 1733 1455 autem
1766 1398 1795 1459 l.

168 1518 334 1583 moucium
354 1528 388 1580 et
404 1528 569 1600 petrarum
588 1515 696 1581 adbuc
713 1514 888 1582 manifeste
905 1526 982 1582 sunt
999 1537 1105 1602 usqne
1128 1516 1163 1580 in
1187 1516 1379 1581 hodiernum
1402 1516 1499 1581 diem.
1534 1515 1582 1579 lbi
1606 1515 1732 1598 claruit,
1766 1524 1796 1582 5.

169 1643 265 1707 cuius
288 1642 394 1707 meriti
417 1641 512 1707 beata
535 1642 630 1726 uirgo
650 1641 814 1722 Katerina,
838 1643 951 1707 martir
973 1642 1103 1722 eximia,
1128 1642 1215 1726 apud
1239 1661 1335 1707 suum
1360 1643 1404 1706 sit
1428 1654 1619 1708 creatorem.
1655 1641 1733 1727 lpse
1766 1651 1795 1712 6.

168 1789 247 1833 uero
271 1765 358 1832 male
387 1787 510 1834 suasus
541 1768 643 1852 predo
673 1765 836 1832 confusus
865 1778 899 1831 et
928 1786 1043 1851 amens
1073 1787 1193 1853 gressu
1223 1767 1385 1834 titubante
1409 1768 1450 1833 ad
1475 1767 1652 1833 ecclesiam
1676 1767 1732 1831 uix

168 1894 328 1978 peruenit
375 1890 440 1956 Ubi
471 1894 548 1958 dum
578 1913 617 1958 se
645 1893 828 1978 recepisset
863 1893 895 1957 in
928 1902 1091 1975 mentem,
1126 1892 1299 1977 plurimum
1334 1894 1443 1978 ipsum
1478 1901 1557 1968 (nec
1585 1891 1732 1968 mirumi)
1766 1898 1796 1960 t.

168 2018 310 2103 penituit
345 2019 490 2103 peceati,
525 2018 632 2103 piguit
667 2019 924 2104 presumptionis
955 2017 1063 2098 fatue,
1098 2018 1206 2083 Deum
1242 2018 1502 2102 omnipotentem
1531 2016 1669 2082 horrens
1696 2026 1733 2083 ,et

168 2166 324 2211 reuerens
353 2145 518 2211 uindicem
554 2165 594 2210 ac
629 2142 847 2209 defensorem.
893 2144 948 2209 Ad
976 2145 1159 2211 antidotum
1189 2144 1288 2228 igitur
1318 2141 1600 2209 reconciliationis
1630 2162 1732 2207 causa
1765 2150 1796 2212 8.

169 2285 236 2337 taru
259 2271 323 2337 Dei
348 2291 447 2358 quuru
469 2291 530 2335 sue
553 2270 693 2356 uirginis
716 2290 756 2335 ac
779 2271 891 2336 matris
915 2270 958 2335 ad
979 2270 1138 2336 honorem
1162 2269 1226 2335 Dei
1251 2279 1283 2334 et
1306 2279 1423 2334 sancte
1446 2268 1601 2335 Katerine
1624 2269 1732 2334 eidem

169 2397 319 2462 ecclesie
340 2395 432 2481 larga
456 2395 595 2465 contulit
617 2395 743 2480 predia,
768 2395 888 2482 quihus
912 2393 1021 2461 adhue
1043 2397 1110 2481 ipsi
1132 2394 1284 2461 monachi
1308 2394 1354 2459 ihi
1380 2395 1608 2461 deseruientes
1630 2393 1732 2459 libere

168 2522 386 2608 perfruuntur.

303 2679 435 2750 xxl.
481 2681 622 2767 Quidam
659 2683 875 2748 claustrensis
909 2693 1024 2748 sancte
1055 2682 1208 2748 Katerine
1239 2680 1315 2746 dum
1346 2682 1387 2746 de
1421 2682 1560 2767 quadam
1596 2682 1732 2746 ciuitate
1768 2688 1794 2747 l.

171 2808 303 2874 deberet
326 2810 446 2873 ducere
468 2827 598 2892 pannos
621 2807 775 2875 fratribus
800 2807 841 2873 ad
864 2808 1074 2888 induendum,
1101 2808 1234 2895 quidam
1257 2806 1429 2872 Sarraceni
1453 2807 1598 2872 latrones
1623 2807 1733 2891 ipsum

169 2936 384 3019 insequentes
408 2955 539 3019 pannos
569 2932 784 2999 abstulerunt.
831 2926 961 3018 Quibus
992 2931 1114 2998 ablatis
1146 2931 1363 2999 claustrensis
1393 2932 1489 2996 rediit
1518 2933 1559 2996 ad
1587 2933 1730 2998 iudicem
1765 2937 1794 2999 2.

170 3058 326 3140 ciuitatis,
351 3057 543 3143 significans
567 3060 597 3123 ei
622 3059 710 3146 quod
734 3059 908 3124 acciderat.
953 3057 1116 3124 Latrones
1139 3078 1231 3140 uero,
1256 3058 1390 3124 mentali
1415 3059 1556 3123 cecitate
1578 3059 1731 3143 percussi
1765 3062 1795 3124 3.

171 3197 204 3248 et
220 3184 368 3285 medela,
399 3184 541 3269 effugere
571 3205 637 3249 non
666 3194 860 3270 potueruut,
890 3181 1047 3270 usque⁵²¹
1075 3185 1109 3248 io
1139 3185 1271 3271 propria
1300 3204 1443 3269 persona
1473 3204 1603 3269 pannos
1632 3184 1732 3247 iudici

171 3308 357 3375 retulerunt.

305 3452 388 3518 Cum
407 3453 494 3537 apud
513 3453 681 3536 predictos
700 3451 884 3518 monachos
902 3473 961 3537 per
979 3464 1046 3517 tres
1065 3452 1139 3519 dies
1158 3454 1367 3534 mansissem,
1387 3451 1470 3529 (feci
1490 3455 1575 3518 enim
1594 3463 1733 3537 quatuor
1766 3459 1796 3522 4.

171 3577 244 3641 dies
268 3577 356 3660 apud
380 3572 544 3661 ipsosffit
567 3577 683 3661 rogaui
706 3578 920 3664 episcopum,
950 3588 987 3642 ut
1010 3580 1099 3643 daret
1122 3576 1201 3642 mihi
1225 3578 1412 3659 ductorem,
1443 3581 1499 3664 qui
1522 3566 1576 3643 rue
1599 3578 1734 3644 duceret

171 3705 204 3766 iu
235 3702 454 3767 summitatem
483 3702 605 3767 montis
635 3701 746 3783 Sinai,
780 3703 836 3769 ubi
864 3703 1005 3789 Moyses
1036 3704 1165 3788 accepit
1193 3703 1302 3789 legero
1330 3725 1349 3768 a
1374 3703 1528 3769 Domino.
1575 3704 1623 3769 lui
1654 3722 1732 3787 ergo
1767 3709 1796 3769 5.

171 3849 245 3892 curu
269 3828 404 3893 ductore
428 3828 469 3892 ab
493 3829 569 3913 ipso
593 3829 755 3913 episcopo
778 3828 857 3894 mibi
881 3849 1059 3910 concesso,
1084 3842 1116 3894 et
1142 3830 1280 3896 ascendi
1303 3830 1336 3893 in
1360 3838 1514 3895 montem.

306 3975 404 4042 Mons
433 3976 498 4042 iste
527 3974 615 4041 altus
651 3990 704 4043 est
737 3978 852 4059 ualde,
888 3990 921 4044 et
956 3979 1089 4046 excellit
1120 3999 1236 4045 omnes
1264 3992 1394 4046 montes
1429 3980 1521 4047 illius
1552 3978 1731 4064 prouincie.
1766 3993 1796 4054 6,

172 4102 292 4168 Adhuc
320 4105 433 4168 dicunt
462 4102 640 4169 Dominum
668 4103 816 4170 habitare
846 4106 879 4169 in
908 4126 959 4171 eo.
1006 4105 1132 4172 Semita
1161 4116 1288 4186 autem,
1317 4127 1376 4190 per
1404 4126 1501 4192 quam
1532 4106 1733 4184 ascenditur,
1767 4115 1797 4178 7.
1833 4114 1863 4175 8.

171 4249 231 4311 per
254 4228 378 4313 gradum
403 4227 490 4294 facta
515 4241 577 4311 est,
602 4241 671 4296 arta
695 4231 828 4318 quidem
852 4242 885 4296 et
908 4232 993 4297 adeo
1016 4252 1169 4318 preceps
1192 4245 1230 4299 ut
1252 4234 1283 4299 si
1307 4254 1372 4298 uon
1395 4234 1599 4317 perffgradus
1623 4232 1669 4296 ibi
1692 4229 1734 4295 ab
1788 4249 1790 4252 ⁴

171 4351 347 4418 heremitis
377 4365 410 4417 et
430 4354 521 4421 aliis
552 4358 679 4422 sanctis
714 4357 796 4423 uiris
826 4356 995 4423 laboriose
1023 4369 1192 4425 extructos
1205 4355 1243 4396 ⁵²³
1272 4359 1436 4445 quispiam
1458 4357 1640 4424 ascendere
1668 4344 1735 4420 non

279 4737 346 4806 519)
369 4739 407 4790 ad
427 4748 514 4791 re·ert
538 4740 710 4810 reponerem]
735 4741 824 4807 piguit
847 4753 914 4793 enm.
940 4767 975 4779 -
1000 4738 1066 4809 520)
1082 4739 1269 4813 palpabilibus]
1293 4756 1361 4808 qnae
1380 4741 1457 4807 qnasi
1483 4739 1605 4789 menibus
1631 4738 1733 4803 palpari

172 4852 292 4912 possent.
330 4844 563 4899 Cerros.110.
582 4874 618 4886 -
637 4847 703 4914 bil)
723 4848 813 4918 rrrqrre]
833 4846 895 4900 dum
915 4847 1053 4902 referrent
1072 4878 1109 4889 -
1127 4847 1194 4916 etti)
1209 4864 1258 4918 per
1276 4847 1417 4919 tres-ipsos]
1436 4846 1517 4898 Nulla
1536 4845 1606 4897 inest
1625 4850 1734 4896 contre-

173 4952 270 5005 dictior
296 4952 426 5007 Triduum
446 4955 552 5022 plenum
572 4956 755 5022 consumpsit,
782 4960 897 5021 quatuor
920 4951 1022 5008 dierum
1041 4956 1120 5010 linem
1145 4956 1217 5009 iecit.
1253 4957 1378 5022 Namque
1401 4953 1469 5007 diem
1483 4952 1576 5023 sonere
1600 4960 1643 5005 eet
1664 4952 1734 5004 diem

162 5059 258 5127 finire.
277 5088 311 5099 -
331 5059 397 5128 523)
417 5061 566 5128 exstrrrctor]
591 5063 639 5116 Cl'r
657 5064 799 5117 Robinson
820 5063 831 5114 l
853 5059 912 5115 tot.
