4214 6096
1000 365 1057 425 179

192 535 325 623 quidam
346 536 380 599 in
400 535 493 599 asino
515 538 549 599 in
570 536 710 601 medium
731 535 874 601 fluminis
895 537 1095 604 descendens
1117 548 1149 604 et
1170 549 1258 604 stans
1281 550 1407 605 erectus
1421 541 1614 605 zuccharato
1628 541 1684 616 ¹⁵⁷)
1701 549 1862 625 gutturae>

193 648 433 740 proclamabat:
465 651 586 732 „Uiuat
607 673 667 716 rex
689 662 799 717 noster
821 654 855 716 in
877 654 1067 719 eternum!“
1093 655 1136 719 Et
1158 677 1287 720 rursus:
1315 654 1454 736 „Ualeat
1481 665 1514 720 et
1541 656 1738 721 confortetur
1760 656 1863 721 omnis
1880 665 1913 716 23

194 764 461 859 cbrisfimitasW
482 765 641 831 Omnibus
662 777 769 831 autem
789 766 832 831 ab
856 789 912 833 ore
933 766 1020 834 illius
1039 769 1293 857 dependentibus
1316 781 1348 835 et
1362 769 1646 857 respondentibus:
1668 769 1863 852 „Amiu!“b)
1882 778 1913 829 ²4

193 882 247 948 ille
278 889 480 969 precent0r0)
510 883 544 944 in
572 905 690 969 aquam
719 880 962 948 detrudebatur.
1010 882 1108 964 Quod
1134 908 1199 950 non
1228 888 1297 951 sine
1331 885 1504 950 multorum
1533 888 1602 950 risu
1629 895 1678 951 est
1707 885 1863 951 effectum.
1882 895 1914 945 25

193 998 322 1065 Deinde
350 1018 409 1061 rex
436 1007 467 1060 et
494 997 549 1061 alii
577 998 650 1085 ipsa
678 1020 762 1085 aqua
791 998 1060 1085 aspergebantur.
1104 1000 1234 1065 Suriani
1263 1024 1340 1067 uero
1367 1003 1427 1067 toti
1455 1000 1533 1066 nudi
1554 1001 1759 1066 lauabantur.
1801 1000 1864 1065 His
1882 963 1914 1092 ²1⁶

194 1138 273 1202 ergo
294 1114 356 1178 rite
378 1113 520 1199 peractis
543 1112 651 1179 clerici
674 1113 717 1178 ad
741 1117 945 1194 monasteria,
967 1138 1026 1181 rex
1049 1137 1127 1180 uero
1150 1125 1182 1179 et
1203 1116 1320 1181 milites
1343 1116 1386 1209 ad
1408 1139 1541 1202 campos
1562 1116 1776 1197 festinabant,
1807 1114 1864 1180 ubi
1882 1096 1914 1147 ²⁸

193 1230 241 1296 illi
261 1232 295 1294 in
317 1227 494 1316 phaleratis
522 1230 612 1314 equis
640 1229 857 1295 discurrentes
879 1238 911 1294 et
933 1230 1044 1296 hastas
1073 1232 1311 1317 disrumpentes
1334 1242 1469 1327 egerunt
1498 1231 1591 1296 ludos
1613 1232 1778 1296 militares.
1821 1230 1865 1296 Et
1882 1239 1914 1290 29

192 1348 240 1412 sic
266 1355 369 1410 totum
402 1342 491 1408 illum
518 1344 602 1408 diem
626 1346 660 1408 in
685 1344 793 1409 leticia
824 1345 926 1410 multa
954 1347 1196 1433 expenderunt,
1237 1358 1366 1433 postero
1393 1346 1445 1412 die
1475 1347 1623 1413 omnibus
1652 1347 1695 1412 ad
1724 1371 1782 1412 sua
1815 1370 1865 1412 re·

190 1460 382 1528 meantibus.

318 1573 410 1641 lllud'
423 1577 526 1639 eciam
548 1577 676 1654 scitote,
709 1577 785 1661 quia
806 1576 957 1642 dominus
979 1601 1039 1642 rex
1059 1579 1150 1642 iuxta
1172 1578 1255 1642 hanc
1275 1580 1441 1643 ciuitatem
1465 1590 1570 1644 ortum
1592 1578 1780 1643 deliciarum
1801 1577 1865 1642 sibi
1883 1584 1915 1634 30

196 1693 392 1782 preparauit,
414 1690 456 1753 ad
480 1693 570 1754 cuius
595 1690 728 1755 delicias
752 1690 982 1757 describendas
1004 1715 1108 1757 meam
1131 1693 1285 1758 confiteor
1306 1693 1583 1759 insufficieneiam.

318 1805 444 1870 XXIII.
486 1807 583 1870 Festo
604 1806 767 1872 celebrato
789 1818 820 1872 et
840 1808 977 1873 licencia
998 1831 1018 1873 a
1040 1808 1170 1874 domino
1188 1832 1279 1894 rege,
1308 1811 1364 1896 qui
1382 1809 1481 1874 multo
1503 1810 1624 1874 honore
1651 1833 1710 1875 nos
1732 1809 1865 1891 dimisit,
1885 1816 1895 1865 1

195 1925 288 1990 nobis
310 1943 463 1987 concessa
485 1923 633 1986 uenimus
655 1929 826 1986 Naaersam
843 1926 912 2002 ¹³⁸),
945 1925 1031 2011 quod
1060 1935 1109 1990 est
1136 1936 1277 1989 castrum
1310 1926 1468 2010 optimum
1489 1927 1522 1988 in
1544 1924 1609 1990 alto
1630 1936 1737 1990 monte
1759 1927 1865 2005 situm,

196 2063 290 2128 quom
310 2049 427 2103 natura
448 2039 482 2101 in
503 2038 611 2102 media
632 2039 771 2126 plauieIe
792 2040 881 2105 illius
903 2051 988 2105 terre
1010 2040 1053 2105 ad
1075 2051 1176 2106 totum
1198 2039 1401 2105 commodum
1430 2039 1552 2103 domini
1582 2041 1669 2125 regis
1691 2040 1865 2106 ordinauit.

196 2157 228 2221 A
248 2178 311 2244 quo
333 2177 392 2218 rex
413 2155 484 2239 ipse
505 2155 631 2239 signum
656 2178 747 2219 suum
771 2161 1005 2232 ‚,Naaersa!“⁶)
1028 2156 1110 2221 solet
1129 2156 1332 2243 proclamare
1348 2157 1413 2232 ¹⁵⁹).
1883 2154 1898 2202 ²

320 2271 358 2334 lu
388 2269 470 2355 pede
501 2270 594 2333 huius
622 2273 738 2335 montis
769 2275 831 2336 sita
857 2274 920 2337 fuit
946 2271 1084 2358 quedam
1112 2273 1228 2337 ciuitas
1243 2273 1313 2351 ¹⁸9),
1342 2272 1433 2336 culus
1460 2273 1684 2336 auctoritatem
1713 2278 1899 2356 magnam3

195 2390 295 2454 fnisse
318 2385 451 2474 quidam
473 2385 633 2451 mirabilis
656 2386 855 2472 aqueductus
877 2387 953 2453 illuc
976 2410 1073 2474 super
1093 2386 1174 2451 altas
1195 2387 1357 2451 columnas
1379 2386 1423 2451 ad
1445 2389 1591 2473 spacium
1606 2387 1745 2452 duorum
1761 2385 1862 2451 milia-

195 2506 317 2570 riorum
344 2501 520 2589 productus
552 2501 648 2566 hodie
677 2512 883 2570 contestatur.
926 2505 1023 2569 quta
1052 2526 1148 2589 quam
1176 2503 1290 2567 beatus
1315 2501 1494 2588 Gregorius
1509 2505 1583 2584 ¹⁰¹),
1609 2505 1664 2590 qui
1691 2503 1751 2568 sub
1780 2512 1897 2590 equot

197 2643 254 2686 suo
277 2619 473 2706 depingitur,
496 2617 624 2698 occidit,
649 2617 735 2700 dum,
757 2619 845 2705 quod
865 2621 1000 2705 fugeret,
1022 2622 1128 2706 ipsum
1151 2629 1292 2683 montem
1313 2620 1473 2699 transmit,
1495 2621 1560 2704 qui,
1582 2642 1623 2682 ne
1644 2620 1750 2682 uirum
1772 2640 1864 2683 sanc-

197 2747 263 2800 tum
284 2737 505 2822 insequentem
525 2733 712 2820 impediret,
735 2736 776 2810 ¹in
798 2734 861 2799 duo
884 2734 1012 2822 aqualia
1034 2759 1068 2800 se
1091 2734 1240 2800 diuidcus
1262 2736 1432 2800 transitum
1455 2737 1533 2799 satis
1553 2734 1680 2821 largum
1703 2735 1865 2821 patefecit.

117 2847 123 2856 ’
196 2851 233 2916 ln
253 2851 343 2915 cuius
363 2850 443 2914 facti
464 2852 652 2914 memoriam
675 2850 812 2915 ecclesia
835 2852 869 2915 in
891 2849 1005 2916 eodem
1024 2850 1094 2916 loco
1117 2862 1166 2914 est
1188 2850 1349 2914 edificata.
1740 2937 1741 2942 ἵ
1882 2865 1897 2914 5

319 2967 392 3030 Hoc
412 2976 553 3030 castrum
575 2965 675 3031 distat
697 2989 716 3030 a
735 2965 883 3052 predicta
904 2967 1034 3030 ciuitate
1056 2967 1106 3032 bis
1131 2975 1268 3053 quatuor
1290 2965 1389 3029 milia.
1882 2982 1898 3031 6

153 3167 156 3172 ¹
319 3082 441 3147 XXIV.
483 3081 562 3146 Inde
592 3083 738 3147 uenimus
760 3088 985 3145 Adamodeaam
999 3085 1055 3161 162)
1062 3132 1071 3165 ,
1102 3082 1189 3170 quod
1217 3093 1266 3146 est
1296 3092 1439 3146 castrum
1466 3080 1636 3168 hospitalis
1659 3082 1728 3145 siue
1751 3079 1896 3147 domuel

195 3197 459 3263 Alamannorum.
501 3198 596 3278 Quod
620 3197 772 3263 dominus
794 3220 864 3280 rex,
887 3199 942 3284 qui
965 3220 1093 3285 semper
1106 3197 1303 3263 Alamannos
1319 3196 1442 3278 dilexit,
1464 3199 1511 3262 eis
1526 3220 1586 3283 pro
1601 3195 1743 3261 remedio
1758 3197 1899 3263 animet

196 3336 254 3380 sue
274 3335 348 3378 cum
370 3313 455 3378 uillis
478 3314 689 3379 attinentibus
713 3313 856 3378 donauit.
880 3350 921 3361 -
940 3314 978 3378 In
999 3312 1082 3401 pede
1101 3314 1196 3378 huius
1216 3315 1315 3378 castri
1337 3313 1481 3377 decurrit
1501 3311 1633 3397 quidam
1652 3311 1787 3394 fluuius,
1809 3312 1898 3397 quit

194 3431 337 3494 maximo
357 3432 485 3516 gurgite
507 3431 609 3494 oritur
630 3451 672 3493 ex
693 3431 855 3494 montanis
877 3429 1053 3495 Hormenia
1076 3441 1108 3495 et
1126 3431 1253 3494 uicinis.
1298 3429 1363 3510 Qui
1385 3428 1489 3493 tribus
1510 3426 1624 3492 diebus
1646 3437 1721 3491 ante
1733 3426 1865 3494 Palmae
1883 3438 1898 3489 t

194 3553 227 3609 et
254 3544 358 3610 tribus
386 3556 461 3632 post
491 3555 523 3610 et
542 3547 575 3609 iu
601 3547 672 3631 ipso
695 3545 747 3609 die
767 3547 849 3610 festo
872 3546 991 3610 abore
1014 3568 1087 3627 suo,
1114 3544 1171 3610 ubi
1193 3547 1295 3611 oritur
1321 3545 1373 3610 uel
1394 3544 1577 3631 egreditur,
1607 3552 1731 3607 tantam
1750 3545 1866 3609 emittit

195 3661 333 3747 piscium
361 3661 617 3743 multitudinem,
646 3671 681 3726 ut
708 3659 750 3726 ab
781 3661 929 3726 omnibus
954 3684 996 3725 ex
1018 3663 1104 3727 omni
1124 3662 1293 3749 prouincia
1314 3661 1390 3726 illuc
1410 3658 1646 3725 confluentibus
1667 3660 1811 3724 carrucis
1832 3669 1865 3724 et

197 3778 379 3842 sommariis
402 3776 612 3842 deducantur.
654 3774 736 3840 Inde
757 3799 860 3863 nuper
882 3777 1008 3860 accidit,
1030 3788 1065 3841 ut
1077 3777 1203 3841 Latinis
1226 3786 1258 3842 et
1270 3777 1445 3841 Hormenis
1466 3775 1506 3839 de
1519 3774 1673 3839 Aduentu
1687 3784 1720 3839 et
1735 3774 1864 3840 Pascha
1881 3799 1897 3849 s

194 3891 434 3979 disputantibus
468 3904 500 3956 et
530 3892 659 3956 diuersa
687 3892 875 3977 putantibus
906 3915 1002 3957 uerus
1029 3892 1098 3957 dies
1126 3893 1308 3980 palmarum
1340 3915 1398 3979 per
1431 3892 1617 3956 effusionem
1644 3890 1865 3976 predictorum

195 4010 333 4095 piscium
361 4018 604 4072 monstraretur.
647 4006 742 4071 Unde
772 4029 831 4071 rex
854 4019 886 4072 et
907 4008 1064 4074 Hormeni
1085 4009 1141 4074 tali
1164 4033 1221 4076 suo
1243 4011 1321 4073 uicti
1343 4009 1565 4093 experimento
1590 4016 1772 4071 nostrorum
1795 4030 1899 4085 sen-6

195 4126 300 4189 tencie
322 4123 538 4205 crediderunt,
562 4146 634 4187 cum
656 4121 699 4186 ad
721 4122 903 4187 doctrinam
926 4146 1056 4188 suorum
1079 4125 1122 4190 ad
1138 4125 1268 4190 Palmas
1290 4136 1362 4189 octo
1383 4122 1496 4187 diebus
1518 4123 1750 4209 peruenissent.
1793 4122 1897 4195 Hocr

195 4238 314 4304 flumen
345 4250 377 4306 et
405 4239 469 4304 tale
496 4238 686 4304 miraculum
714 4237 825 4303 dicunt
853 4238 984 4305 beatum
1008 4242 1162 4306 Ioannem
1189 4240 1364 4328 baptistam
1388 4241 1434 4304 eis
1457 4242 1670 4319 concessisse,
1698 4239 1774 4325 quia
1794 4239 1865 4325 ipse

195 4356 355 4440 percussit
375 4367 512 4442 petram,
535 4365 567 4419 et
586 4356 749 4420 fluxorunt
770 4377 863 4441 aque.
905 4355 977 4422 Hoc
999 4366 1141 4421 castrum
1164 4356 1264 4422 distat
1283 4379 1303 4421 a
1326 4356 1475 4420 Nauersa
1498 4353 1560 4419 duo
1581 4353 1679 4417 milia.
1883 4376 1898 4427 a

318 4471 425 4535 XXV.
466 4471 595 4536 Abhinc
615 4482 813 4537 reuertentes
835 4493 948 4536 uersus
971 4472 1241 4555 Canamellam0),
1264 4472 1304 4536 de
1326 4495 1391 4561 qua
1413 4492 1514 4557 supra
1527 4469 1582 4545 113)
1606 4468 1695 4550 dixi,
1718 4469 1865 4534 uenimus
1885 4489 1897 4541 1

261 4664 289 4721 a)
307 4667 414 4729 piscare
430 4658 514 4711 BEd.
551 4659 632 4722 Quod
649 4675 664 4712 e
682 4658 843 4713 coniectura
861 4618 1034 4716 correximus.
1054 4691 1081 4700 -—
1103 4660 1131 4726 b)
1150 4659 1222 4717 Edit.
1241 4679 1281 4731 pr.
1300 4668 1328 4715 et
1347 4660 1369 4713 B
1390 4659 1494 4715 habent
1510 4658 1592 4711 amin.
1609 4687 1641 4694 -
1659 4660 1686 4721 c)
1699 4665 1865 4728 praeceptor

329 4742 360 4796 B.
376 4750 540 4812 praecentor
556 4742 607 4797 Ed.
626 4773 658 4783 -
674 4743 704 4810 d)
720 4750 863 4797 naamam
881 4743 913 4797 B.
950 4744 1104 4799 Navarram
1120 4743 1170 4797 Ed.
1190 4774 1222 4782 —
1239 4745 1265 4812 e)
1282 4751 1450 4797 reuertamur
1467 4758 1561 4796 omncs
1577 4740 1764 4795 Taaomsllom
1782 4741 1813 4794 B.

261 4926 329 4996 157)
343 4920 530 4996 accelerato]
554 4918 646 4993 Quasi
661 4920 801 4981 saccharo
817 4921 965 4980 conditum
979 4930 1009 4982 et
1050 4923 1192 4980 Naaersa
1214 4921 1336 4981 Libonis
1363 4921 1507 4981 sententia
1527 4937 1684 4996 numquam
1710 4938 1817 4977 avem
1839 4940 1863 4980 s.

195 5021 337 5082 mollitum
360 5031 423 5081 orat
439 5028 546 5097 guttur.
1049 5032 1206 5080 retrorsum
1223 5021 1403 5098 significasse
1426 5016 1548 5076 videtur.

1116 5125 1185 5193 too)
1213 5120 1328 5194 duitas]
1362 5116 1509 5177 Fortassis
1539 5113 1686 5175 Caesarea
1717 5113 1756 5174 ad
1785 5117 1864 5176 Ana·

1050 5216 1180 5279 aurbum.

1116 5320 1184 5392 161)
1216 5312 1389 5392 θνσροήιω]
1425 5309 1583 5390 Gregorius
1616 5310 1864 5391 Thaumaturgus.

1050 5415 1087 5476 V.
1109 5413 1228 5474 Stadler
1248 5411 1531 5491 Heiligen·Loxicon
1550 5409 1609 5470 vol.
1629 5409 1671 5472 II.
1694 5416 1752 5472 510
1773 5430 1816 5491 sq.

260 5171 328 5244 158)
356 5168 535 5244 Naucratim]
571 5167 651 5248 apud
668 5143 797 5229 ⁸veteres
824 5167 1009 5243 Anazarbus,

192 5276 296 5350 postea
316 5266 507 5340 anabusns,
528 5265 703 5340 Anaburaa,
729 5268 903 5348 Anavaraa,
932 5287 1009 5327 nunc

192 5366 344 5429 Aiaaarba
364 5367 552 5426 nominatam.

260 5519 330 5589 159)
351 5515 466 5592 rignum
493 5546 534 5557 ·-
559 5513 759 5590 proclamare}
781 5513 941 5592 ‚,Signnm“
964 5522 1010 5573 est
1116 5517 1184 5586 162)
1206 5511 1412 5588 Adamodoaa]
1433 5511 1531 5571 Locus
1551 5510 1677 5588 ignotus.

194 5613 361 5695 symbolum
384 5613 524 5687 militare,
548 5631 664 5673 vernae.
685 5611 822 5690 Losung,
843 5613 959 5684 Parole,
981 5621 1010 5672 et
1116 5616 1184 5685 163)
1204 5610 1308 5688 capra]
1331 5630 1355 5671 c.
1377 5608 1495 5671 XVIII
1517 5612 1544 5671 11.

1370 5757 1372 5762 ·
1604 5719 1654 5773 2³·
