4214 6096
1117 352 1157 411 tto

299 530 420 615 sagitta
440 528 552 594 furari.
594 528 632 591 ln
653 527 738 592 bello
758 528 875 607 fortes,
901 528 964 591 nisi
986 526 1146 613 pellicio⁸)
1168 526 1269 592 rubeo
1296 538 1328 593 ct
1350 527 1489 615 desuper
1512 530 1647 594 camisia
1667 552 1786 615 magna
1809 538 1842 593 ct
1863 526 1973 614 ampla

298 654 440 726 utuntur,
463 654 562 730 eaput
583 654 708 708 tautum
731 666 803 708 cum
826 665 933 728 panno
956 653 1110 728 tegentes.
1153 643 1212 706 Isti
1232 643 1439 730 repleueruut
1458 655 1560 711 totam
1580 644 1720 731 Syriam,
1741 642 1973 731 utplurimum

297 769 404 824 tamen
437 759 585 824 habitant
616 762 704 823 circa
729 759 850 823 fluenta
869 757 1033 840 Iordanis,
1067 782 1088 823 a
1109 758 1236 823 Libano
1268 783 1371 847 usque
1400 760 1443 824 ad
1465 761 1630 826 desertum
1651 761 1799 841 Pharan,
1831 760 1909 847 quia
1925 758 1972 823 ibi

298 884 372 939 srmt
400 886 524 939 montes
559 898 617 961 pro
652 877 760 961 capris
788 886 819 937 et
846 873 978 954 ouibus,
1008 876 1115 959 campi
1144 898 1204 959 pro
1231 875 1336 940 bobus
1359 887 1390 939 ct
1412 876 1552 941 camelis.
1595 877 1684 943 Oues
1705 900 1823 963 magne
1845 878 1973 941 suntin

297 991 445 1077 partibus¹
469 991 532 1056 illis
555 1001 586 1055 ct
609 992 762 1076 precipue
785 991 912 1069 arietes,
935 1000 965 1052 ct
987 989 1106 1054 babent
1129 991 1250 1055 caudas
1272 1004 1338 1055 tam
1360 1015 1506 1078 magnas,
1528 1006 1563 1057 ut
1584 1016 1648 1057 rura
1670 992 1775 1058 cauda
1795 993 1900 1058 tribus
1921 991 1973 1057 uel

297 1117 435 1192 quatuor
457 1109 537 1171 uiris
560 1107 700 1169 sufficiat
720 1105 763 1168 acl
784 1104 951 1169 edendum.

265 1251 278 1299 ⁷
422 1254 518 1319 Circa
540 1255 720 1331 Arachasb)
747 1267 886 1319 castrum
915 1268 986 1340 post
1010 1254 1169 1341 Tripolim
1193 1278 1293 1340 nsque
1318 1256 1361 1320 acl
1383 1268 1524 1321 castrum
1546 1257 1657 1321 Krach
1685 1257 1835 1322 habitant
1856 1255 1972 1321 Sarra-

297 1371 379 1452 ccni,
401 1373 455 1457 qui
476 1371 625 1434 dicuntur
650 1375 784 1432 Uarnn'm'
793 1378 816 1448 c)
828 1374 894 1448 6512).
936 1370 1003 1434 lllis
1033 1372 1268 1455 coniunguntur
1290 1373 1422 1459 qnidam
1445 1373 1632 1449 Sarraceni,
1658 1375 1712 1460 qui
1741 1374 1891 1437 dicuntur
1914 1376 1969 1432 Aa·

296 1491 412 1567 airsr'ai,
443 1486 530 1550 ultra
549 1486 783 1563 Anteraclurnl)
814 1512 916 1574 prope
948 1498 1089 1550 castrum
1118 1486 1305 1572 Mergane)
1335 1487 1518 1552 habitantes
1547 1492 1581 1552 in
1610 1491 1780 1553 rnontauis.
1829 1485 1973 1555 Castella

298 1602 438 1689 plurima
459 1603 579 1667 habent
600 1614 632 1665 et
655 1604 803 1667 ciuitates
824 1614 855 1667 et
875 1602 1013 1667 fertilem
1037 1614 1166 1666 terram.
1211 1603 1267 1666 Isti
1294 1603 1444 1668 dicuntur
1464 1604 1584 1669 habere
1606 1606 1668 1669 XL
1689 1606 1791 1670 millia
1812 1614 1972 1691 pugnato·

297 1743 377 1786 rum.
414 1719 628 1805 Capitancum
653 1742 750 1782 unum
773 1718 903 1801 habent,
927 1742 989 1783 non
1013 1742 1053 1782 ex
1077 1717 1273 1782 hereditaria
1299 1722 1511 1802 successione,
1534 1721 1591 1784 sed
1613 1722 1823 1808 prerogatiua
1843 1722 1972 1784 merito·

297 1858 384 1918 rum,
417 1837 471 1920 qui
495 1859 585 1896 senar
604 1842 638 1896 de
661 1843 805 1895 montanas
826 1835 942 1899 dicitnr
964 1858 1028 1899 non
1050 1836 1278 1921 proprietatis,
1303 1835 1360 1901 scd
1381 1838 1502 1921 ingenii
1524 1840 1719 1902 maturitate.
1761 1838 1813 1901 De
1834 1836 1971 1901 Perside

297 1950 446 2015 dicuntur
468 1954 522 2016 isti
544 1951 676 2014 eluxisse
698 1952 864 2035 originem.
906 1953 979 2035 Ego
1002 1952 1138 2015 transiui
1160 1974 1219 2036 pro
1243 1963 1336 2037 parte
1369 1963 1489 2016 terram
1512 1978 1631 2017 eorum.
1675 1952 1873 2018 Obedientes
1896 1962 1972 2016 suut

296 2069 461 2155 usquead
483 2079 633 2148 mortem,
662 2078 693 2129 ct
716 2067 868 2131 mandato
893 2070 1069 2154 superioris
1092 2067 1267 2155 quemlibet
1288 2069 1502 2150 interficiunt,
1534 2071 1619 2133 etin
1640 2069 1701 2133 hoc
1723 2068 1914 2155 paradisum
1936 2091 1971 2132 se

296 2187 413 2249 mereri
434 2184 564 2265 dicunt,
593 2184 729 2263 etiamsi,
752 2193 924 2268 antequam
947 2184 1168 2249 obedienciam
1189 2184 1353 2269 impleant,
1378 2186 1574 2250 occidantur.
1617 2186 1701 2249 Ante
1723 2208 1825 2249 armos
1847 2206 1970 2271 paucos

298 2302 339 2365 ad
362 2300 583 2364 obedienciam
607 2320 737 2362 romane
760 2299 896 2363 ecclesie
919 2302 1029 2363 uenire
1050 2300 1211 2380 uolebant,
1232 2312 1262 2363 et
1285 2304 1435 2365 nuncium
1458 2314 1591 2388 propter
1613 2302 1674 2365 hoc
1693 2303 1726 2365 in
1741 2300 1854 2365 Accon
1875 2302 1970 2363 misc·

297 2429 385 2498 rant,
414 2419 466 2501 qui
490 2416 623 2500 negocio
646 2415 689 2478 ad
711 2426 818 2479 notum
842 2427 973 2502 peracto
995 2439 1066 2479 cunr
1089 2415 1226 2497 rediret,
1248 2439 1268 2479 a
1290 2417 1500 2501 epulandam,
1524 2420 1578 2504 qni
1601 2420 1708 2504 ipsum
1732 2416 1894 2482 deducere
1916 2416 1971 2480 de·

297 2536 453 2615 buerant,
473 2543 547 2596 ante
568 2541 655 2595 terre
676 2533 843 2597 introitum
865 2544 914 2596 est
935 2535 1059 2596 occisus
1082 2533 1114 2594 in
1137 2539 1295 2595 iacturam
1318 2535 1421 2597 tocius
1444 2533 1593 2614 ecclesie,
1624 2535 1700 2620 quia
1720 2533 1789 2614 alii,
1819 2531 1969 2596 uidentes

296 2674 360 2716 non
387 2673 457 2713 esse
488 2650 584 2713 tidem
612 2649 646 2711 in
668 2648 878 2730 Christianis,
912 2650 1018 2711 statim
1047 2646 1088 2710 ab
1115 2649 1244 2732 incepto
1273 2661 1479 2712 retraxerunt
1499 2650 1624 2735 perlem.
1667 2650 1772 2714 Terra
1793 2651 1929 2714 istorum
1950 2670 1971 2711 a

295 2778 384 2832 terra
398 2766 656 2832 Christianorum
681 2788 738 2850 per
760 2764 916 2851 quosdam
936 2764 1062 2849 lapides
1085 2763 1286 2827 discernitur.
1323 2765 1449 2844 Quibus
1473 2768 1505 2828 in
1529 2765 1692 2851 lapidibus
1714 2768 1748 2830 in
1767 2776 1860 2852 parte
1876 2762 1969 2831 Chri·

298 2885 476 2947 stianormn
506 2883 634 2967 signum
662 2883 781 2961 crucis,
808 2881 1046 2943 Assissinornm
1070 2879 1188 2943 cultelli
1211 2879 1372 2965 sculptum
1395 2893 1452 2945 cst.
1494 2883 1579 2946 Istos
1602 2882 1707 2946 adhuc
1727 2880 1832 2946 nullus
1856 2879 1971 2946 Solda-

296 3022 410 3064 norum
439 3000 545 3084 potant
572 2997 760 3081 subiugare,
792 2996 849 3060 secl
876 2997 940 3082 ipsi
966 2995 1028 3058 sibi
1054 2994 1143 3079 leges
1175 3006 1205 3058 ct
1232 2997 1305 3059 iura
1332 2997 1475 3061 condunt
1503 3010 1535 3061 ct
1558 2998 1715 3077 utilibetf)
1738 2999 1802 3087 hijs
1824 3008 1967 3064 utuntur.

296 3116 537 3184 Formidabilcs
561 3123 634 3176 sunt
657 3111 804 3176 omnibus
825 3110 1126 3175 circumiacentibus
1149 3113 1334 3176 nationibus
1357 3126 1491 3199 propter
1512 3116 1645 3179 nimiam
1667 3116 1874 3182 ferocitatem.

263 3270 277 3320 8
420 3263 603 3330 Notandum
625 3274 732 3325 aruem
754 3263 786 3323 in
809 3262 855 3324 rei
877 3262 1029 3343 ueritate,
1052 3259 1126 3323 licet
1155 3260 1285 3346 quidam
1308 3265 1505 3327 contrarium
1529 3267 1689 3347 senciant,
1718 3267 1835 3351 quiea
1858 3264 1970 3331 uolunt

297 3406 452 3463 asserere,
475 3403 537 3464 que.
559 3402 621 3443 non
645 3377 805 3457 uiderunt,
829 3376 915 3462 quod
936 3379 1041 3441 oriens
1063 3387 1147 3440 totus
1171 3376 1254 3441 ultra
1277 3400 1487 3465 marcusque
1510 3381 1542 3443 in
1564 3380 1703 3444 Yncliam
1727 3393 1758 3444 et
1779 3380 1969 3469 Ethiopiam

296 3522 412 3565 nomen
434 3497 555 3563 Christi
579 3495 747 3559 confitetur
770 3504 800 3557 et
821 3493 987 3579 predicat,
1019 3504 1127 3580 preter
1160 3492 1245 3557 solos
1267 3493 1464 3559 Sarracenos
1493 3508 1524 3560 et
1554 3496 1713 3581 quosdam
1732 3496 1967 3581 Turcomanos,

296 3618 351 3704 qui
369 3617 403 3679 in
421 3612 635 3700 Cappadocia
657 3610 764 3673 sedem
788 3609 916 3690 babent,
939 3610 985 3672 ita
1007 3610 1094 3696 ‹prrrrd
1119 3633 1178 3695 pro
1201 3620 1288 3673 certo
1310 3634 1430 3691 assero,
1455 3613 1537 3676 sicut
1560 3635 1619 3699 per
1643 3615 1880 3699 memetipsum
1896 3614 1965 3679 uidi

295 3743 327 3796 ct
349 3731 390 3795 ab
414 3729 497 3810 aliis,
518 3728 634 3814 quibus
657 3739 797 3801 notura)
820 3740 899 3806 erat,
922 3725 1048 3806 andini,
1071 3725 1155 3812 quod
1179 3749 1306 3812 semper
1328 3727 1360 3789 in
1382 3729 1468 3790 onmi
1491 3727 1560 3792 loco
1584 3740 1614 3792 ot
1636 3751 1735 3813 regno
1758 3740 1967 3817 preterquam

295 3850 328 3912 in
350 3848 483 3931 Egypto
506 3858 537 3908 et
559 3844 698 3923 Aralria,
727 3843 782 3907 ubi
810 3842 985 3929 plurimum
1015 3840 1163 3904 habitant
1185 3842 1358 3906 Sarraceni
1389 3856 1420 3906 et.
1447 3842 1502 3906 alii
1524 3844 1762 3908 llaelrornetnrn
1785 3855 1966 3931 sequentes,

249 3950 258 3969 ’
296 3986 354 4051 pro
377 3986 439 4025 nnc)
457 3962 637 4024 Sarraceno
661 3962 793 4041 triginta
818 3958 866 4023 uel
891 3957 1031 4042 anrplins
1053 3959 1196 4021 inuenies
1213 3958 1425 4023 Christianos.
1459 3958 1580 4023 Uerum
1601 3972 1718 4040 tamen,
1739 3960 1968 4045 quodthhri·

296 4082 392 4145 stiani
415 4100 525 4141 ornnes
546 4078 753 4139 transmarini
775 4074 930 4147 natione)
953 4084 1025 4137 sarit
1048 4072 1272 4154 orientalesll,
1304 4076 1385 4160 quib
1407 4075 1481 4138 licet
1505 4077 1569 4139 sint
1590 4076 1784 4157 Christiani,
1818 4078 1895 4162 quia
1916 4088 1966 4141 ta·
2052 4142 2057 4149 ,

295 4218 369 4260 men
391 4216 482 4257 usum
507 4215 670 4255 armornm
693 4214 755 4254 non
778 4191 897 4254 habent
921 4189 1064 4261 inultum,
1087 4213 1159 4253 enm
1181 4192 1413 4275 impugnantur
1436 4214 1456 4254 a
1478 4192 1679 4272 sarracenis,
1701 4191 1892 4270 Tar-carisa)
1915 4192 1967 4257 uel

294 4311 367 4376 aliis
390 4310 640 4394 quibuscunque,
663 4305 863 4368 subiciuntur
886 4308 931 4369 eis
955 4317 985 4369 nt
1008 4305 1136 4369 tributis
1160 4329 1272 4391 lancem
1296 4318 1328 4369 ct.
1348 4309 1485 4392 quietem
1509 4321 1626 4389 emunt,
1650 4318 1681 4371 et
1702 4308 1874 4372 Sarraceui
1896 4310 1966 4373 siue

295 4428 367 4509 alii,
398 4427 452 4512 qui
475 4425 520 4487 eis
544 4422 769 4502 dominantur,
800 4421 926 4484 balinos
956 4446 1031 4485 snos
1054 4437 1085 4485 et
1107 4436 1276 4485 exactores
1299 4424 1331 4484 in
1355 4425 1449 4486 terris
1472 4423 1535 4487 illis
1557 4436 1688 4510 ponunt.
1731 4426 1774 4489 Et
1796 4425 1871 4489 inde
1892 4447 1968 4490 con·

294 4545 376 4627 tigit,
398 4541 484 4628 quod
507 4561 640 4621 regnum
663 4537 742 4599 illud
765 4536 882 4599 elicitur·
905 4561 974 4599 csse
999 4540 1261 4617 Sarracenornm,
1285 4562 1355 4600 cum
1371 4551 1478 4603 tamen
1502 4543 1533 4602 in
1550 4543 1596 4604 rei
1616 4545 1837 4605 ueritatosuut
1854 4563 1966 4605 omnes

295 4657 473 4725 Christiani
510 4670 618 4739 preter
647 4655 736 4737 ipsos
761 4651 886 4715 balinos¹
909 4665 939 4715 et
962 4665 1130 4716 retractares
1155 4664 1185 4716 ct
1205 4652 1328 4738 aliepros
1351 4653 1390 4716 do
1412 4654 1535 4719 tanrilla
1563 4659 1725 4742 ipsorum,
1753 4658 1836 4719 sicut
1863 4656 1965 4722 oculis

293 4776 374 4838 meis
395 4773 463 4836 nidi
487 4773 520 4833 in
542 4770 739 4843 Ciliciensi
761 4768 915 4830 Armenia
937 4771 1066 4849 mitani,
1097 4792 1159 4855 que
1182 4784 1229 4832 est
1253 4768 1382 4832 subdita
1404 4771 1545 4834 dominio
1569 4773 1859 4851 t'arrar0r11111⁴⁵⁵³).
1902 4774 1967 4838 Fui

294 4892 378 4952 onim
408 4886 496 4974 apud
524 4909 631 4970 regem
654 4885 806 4947 Armenio
836 4899 866 4947 ct
897 4885 1009 4949 Cilicio
1037 4888 1141 4948 tribus
1171 4884 1375 4965 clrdomadis,
1407 4896 1439 4948 et
1467 4903 1558 4951 erant
1585 4890 1672 4975 apud
1701 4892 1805 4975 ipsum
1834 4889 1966 4975 quidam

360 5092 387 5151 a)
406 5086 503 5138 delicio
524 5086 562 5139 st.
583 5112 609 5120 -
638 5082 665 5155 b)
685 5082 784 5135 urebas
805 5084 843 5135 st.
863 5112 894 5119 -
922 5088 947 5149 e)
965 5084 1052 5134 arriani
1070 5085 1108 5137 st.
1135 5082 1225 5134 l'aorn'
1241 5080 1265 5132 l1.
1289 5082 1381 5135 taram·
1397 5084 1446 5136 Ed.
1467 5102 1525 5137 ven.
1556 5120 1566 5125 -
1603 5086 1632 5155 d)
1651 5086 1697 5151 qui
1714 5087 1787 5139 oltra
1804 5090 1967 5141 (iterandam

429 5170 467 5222 St.
504 5167 610 5221 vocab.
638 5168 685 5233 pai
707 5184 761 5218 non
785 5164 869 5218 babet
887 5164 913 5218 h.
937 5200 961 5205 —
988 5174 1013 5231 c)
1034 5166 1161 5233 rllnryurl
1177 5165 1216 5217 St.
1244 5196 1265 5202 -
1300 5166 1326 5229 f)
1344 5166 1458 5220 utillime
1476 5168 1514 5220 St.
1539 5178 1568 5219 at
1588 5170 1652 5222 tibet
1670 5168 1697 5223 ll.
1722 5202 1753 5209 -
1778 5174 1807 5240 g)
1825 5179 1908 5224 totu-m
1926 5172 1966 5226 Sl.

428 5261 487 5304 trote
504 5259 582 5304 errant
599 5249 624 5304 h.
698 5248 727 5319 h)
744 5251 810 5319 qaia
829 5250 868 5305 St.
888 5251 963 5317 qamt
977 5247 1002 5301 h.
1021 5280 1052 5286 —
1072 5249 1091 5317 i)
1109 5250 1238 5300 terrationes
1256 5249 1295 5300 st.
1320 5280 1350 5287 -—
1380 5250 1408 5303 kt
1427 5253 1539 5305 ‹rritalcs
1560 5256 1599 5308 st.
1619 5254 1766 5307 orientales
1782 5254 1833 5307 Ed.
1852 5270 1912 5311 ven.
1933 5284 1966 5294 -

428 5334 446 5403 l)
465 5337 528 5401 qrria
547 5339 586 5389 st.
607 5336 682 5403 quod
697 5333 722 5388 h.
741 5364 773 5373 -
792 5340 829 5397 ιη)
847 5334 891 5385 aad
907 5334 973 5385 alr'is
991 5333 1107 5384 tartaria
1125 5332 1168 5383 aad
1186 5332 1253 5383 aliis
1273 5331 1311 5385 St.
1331 5335 1494 5389 Sarrnreurb
1515 5338 1641 5389 'lla-toris
1659 5337 1719 5389 l1,-·
1750 5342 1779 5405 n)
1796 5337 1896 5391 Sicilia
1908 5336 1948 5393 st.

355 5526 423 5595 652,
461 5523 601 5597 l'aaaiail
630 5523 761 5601 Populus
796 5522 863 5580 milri
894 5522 1019 5598 ignotus.
1062 5519 1108 5578 Cf.
1213 5526 1283 5593 653)
1309 5542 1362 5598 prce
1392 5532 1434 5578 est
1463 5524 1577 5580 subdita
1606 5524 1722 5581 (loratino
1754 5524 1964 5601 Tartarorum]

292 5643 380 5700 supra
402 5632 500 5679 notrtm
524 5627 570 5680 as.
1150 5619 1365 5695 blangolorum.
