4214 6096
1045 664 1268 727 ..30-

286 857 339 925 27.
490 856 588 922 ·-1rsm
618 878 637 922 a
668 854 841 922 Bethleem
870 867 988 922 uersus
1019 857 1199 923 Sodomam
1229 865 1264 921 et
1294 854 1484 922 Gomorram
1515 854 1556 919 ad
1588 853 1713 921 miliare
1742 863 1797 922 est
1828 854 1937 938 locus,

372 985 429 1069 qui
457 945 577 1048 dicitnr
597 984 702 1064 pierio
724 986 758 1044 in
781 984 917 1045 excelsu
930 980 978 1058 ³⁶¹,
1007 980 1063 1046 nbi
1092 980 1284 1065 pastoribus
1314 981 1427 1066 angeli
1456 981 1741 1048 adnunciauerunt
1761 980 1938 1052 Dominum

286 1117 338 1181 28.
371 1122 495 1179 natum.
541 1109 669 1174 Dicitur
693 1119 802 1174 antem
826 1109 930 1176 eciam
953 1108 1053 1180 turris
1071 1108 1161 1172 Ader
1174 1104 1223 1188 ³⁶²,
1246 1106 1304 1173 ubi
1328 1107 1427 1175 laceb
1449 1108 1543 1193 pauit
1564 1128 1686 1195 greges
1708 1128 1801 1178 suos.

285 1244 338 1305 29.
506 1237 585 1302 ltem
604 1237 689 1300 inter
708 1234 878 1302 Bethleem
896 1245 930 1299 et
947 1233 1149 1301 lberusalem
1173 1244 1228 1299 est
1252 1233 1439 1315 cenobium,
1462 1234 1520 1300 ubi
1543 1245 1633 1301 erant
1655 1235 1937 1319 annumerantes,

285 1366 338 1430 30.
374 1364 505 1451 quando
530 1374 612 1427 terra
636 1374 753 1427 sancta
777 1364 902 1448 perdita
928 1361 1009 1441 fnit,
1038 1359 1175 1445 pulchre
1203 1357 1312 1425 ualde.
1359 1359 1412 1425 De
1435 1381 1570 1447 quarum
1593 1361 1836 1447 pulchritudine
1856 1367 1937 1435 dum

372 1488 532 1555 intellexit
555 1488 740 1570 Soldanus,
771 1488 877 1553 uoluit
906 1490 956 1554 eis
987 1486 1200 1567 conmisceri‚
1232 1497 1265 1552 et
1292 1488 1454 1572 precepit,
1485 1499 1522 1553 ut
1544 1510 1583 1554 se
1605 1489 1742 1574 polcbre
1764 1492 1937 1558 induerent

285 1624 337 1687 31.
371 1627 404 1682 et
428 1628 596 1697 ornarent,
627 1615 778 1701 nequicie
810 1637 871 1680 sue
903 1610 1157 1680 incentiuum³⁶³
1178 1611 1351 1679 facientes.
1398 1614 1580 1681 Abbatissa
1603 1627 1712 1683 autem
1736 1639 1861 1701 earum,
1892 1640 1936 1686 ne

370 1742 420 1806 sic
443 1740 584 1806 ludibrio
608 1740 811 1841 esset-cami
836 1749 869 1802 et
892 1736 1045 1820 diabolo,
1077 1749 1109 1803 et
1138 1759 1181 1804 ne
1213 1741 1378 1806 castitatis
1408 1762 1470 1806 sue
1492 1741 1597 1808 lilium
1623 1743 1751 1809 luxurie
1775 1755 1936 1833 mergeret

369 1868 402 1933 in
432 1866 563 1949 cloaca,
600 1869 652 1932 soi
683 1866 808 1931 laboris
838 1864 1012 1931 annullans
1043 1866 1209 1948 meritum,
1245 1887 1284 1932 se
1314 1887 1462 1956 suasque
1492 1868 1606 1934 maluit
1635 1870 1800 1953 mutilare,
1837 1893 1936 1963 qnam

282 2001 334 2063 32.
369 2015 506 2080 corpore
536 1995 682 2078 integro,
718 1991 805 2057 facie
835 1989 1028 2079 syderea³⁶⁴
1057 1993 1310 2059 inmundissimo
1340 1995 1413 2060 cani
1443 2007 1586 2061 scortum
1622 1997 1775 2064 existere.
1821 1999 1935 2086 Igitur,

368 2133 532 2210 tamquam
557 2121 715 2186 diuinitus
739 2120 868 2201 edocta,
898 2140 972 2184 oum
996 2120 1060 2183 iam
1089 2139 1147 2204 pre
1172 2117 1299 2184 foribus
1324 2131 1416 2185 esset
1439 2121 1598 2203 tirannus,
1629 2125 1790 2208 premissa
1814 2123 1934 2191 exbur-

368 2250 493 2314 tatione
517 2261 550 2313 et
574 2247 814 2313 confortatione
843 2267 904 2310 usa
935 2257 988 2310 est
1015 2243 1081 2309 boc
1110 2244 1268 2311 consilio:
1289 2246 1359 2339 Ι,,()
1387 2266 1520 2312 sorores
1549 2248 1773 2333 uenerabiles,
1803 2248 1935 2336 te'mpua
1981 2319 1988 2325 „

282 2381 335 2445 33.
369 2375 588 2443 tribulationis
608 2384 721 2440 nostre
740 2385 802 2438 est.
838 2369 1029 2451 Saladinus,
1053 2372 1160 2437 nostri
1183 2371 1355 2457 uirginalis
1379 2373 1518 2457 pudoris
1541 2374 1704 2456 inimicus,
1729 2377 1935 2462 inpromptu

191 2508 245 2571 at.
280 2509 334 2572 35.
370 2512 430 2567 est.
482 2501 603 2567 Manus
634 2502 708 2567 eius
739 2500 880 2565 euadere
908 2519 974 2565 non
1009 2499 1164 2582 potestis.
1217 2498 1363 2564 Utamini
1398 2518 1476 2585 ergo
1507 2500 1648 2566 consilio
1677 2521 1751 2567 meo
1780 2514 1814 2570 et
1844 2503 1934 2592 quod

282 2637 334 2700 36.
368 2627 480 2694 fecero
504 2640 537 2693 et
561 2649 624 2692 uos
653 2626 825 2693 faciatis!“
873 2621 973 2710 Quod
1003 2625 1080 2690 dum
1109 2635 1213 2690 ratum
1243 2626 1374 2711 singule
1402 2627 1631 2711 accepissent,
1660 2628 1734 2712 ipsa
1763 2627 1933 2724 abbatissa

368 2754 518 2840 primitus
543 2766 576 2820 et
594 2754 750 2839 precipua
769 2773 853 2818 naso
871 2773 911 2818 se
928 2751 1101 2834 mutilauit,
1126 2764 1160 2817 et
1176 2751 1310 2837 singule
1327 2755 1538 2839 postmodum
1556 2753 1727 2821 uoluntate
1745 2766 1931 2841 spontanea

281 2889 334 2954 37.
369 2895 446 2949 sunt
475 2883 632 2948 mutilate.
687 2884 763 2970 Quo
793 2882 905 2946 audito
935 2878 1117 2946 Saladinus
1146 2877 1359 2946 uehementer
1392 2879 1572 2962 confusus,
1607 2881 1772 2948 admirans
1799 2882 1931 2950 illarum

368 3013 593 3076 constanciam
617 3021 651 3076 et
674 3010 885 3094 prudenciam
910 3008 1093 3092 obstupuit,
1118 3019 1151 3072 et
1168 3006 1305 3074 multum
1326 3008 1393 3074 hoc
1417 3007 1539 3074 factum
1559 3020 1591 3073 et
1609 3028 1670 3074 sue
1688 3008 1763 3074 ildei
1781 3018 1932 3079 tenacem

366 3138 591 3202 constanciam
616 3136 823 3222 approbauit.

305 3296 334 3359 ι,
501 3279 586 3348 xl.
632 3282 734 3369 Igitur
757 3300 956 3367 progressus
974 3298 994 3343 a
1013 3275 1185 3346 Bethleem
1209 3279 1287 3344 ueni
1307 3276 1514 3361 Bethaniam,
1537 3277 1729 3368 relinquens
1753 3298 1771 3345 a
1796 3280 1933 3347 sinistra

369 3410 536 3475 ciuitatem
567 3421 715 3474 sanctam
744 3409 836 3473 iuxta
866 3409 908 3472 ad
921 3403 960 3443 ⁸⁶⁵
983 3426 1151 3490 campum,
1181 3404 1237 3469 ubi
1266 3402 1464 3470 Lazarus⁸0⁸
1491 3425 1511 3469 a
1542 3404 1685 3470 Domino
1715 3407 1932 3473 resuscitatus

304 3549 334 3612 2,
368 3536 440 3602 suit.
489 3536 548 3602 Est
572 3549 681 3601 autem
707 3534 868 3602 Bethanie
894 3555 980 3599 mons
1003 3529 1230 3616 offensionum
1254 3532 1447 3617 contiguae,
1477 3532 1510 3597 in
1542 3553 1608 3622 qno
1637 3531 1749 3617 posuit
1773 3531 1932 3599 Salomon

368 3664 502 3753 ydolum
526 3663 694 3730 Mediloch
708 3660 754 3729 ³⁶⁸.

304 3796 334 3862 3.
502 3790 582 3857 lade
605 3791 814 3856 descendens
839 3808 957 3855 uersus
980 3785 1129 3853 lbericbo
1160 3786 1300 3852 transiui
1327 3785 1454 3868 locum,
1484 3786 1540 3853 ubi
1563 3786 1787 3854 Samaritanus
1816 3788 1932 3853 incidit

303 3922 334 3986 d.
368 3918 400 3981 in
425 3917 579 3982 latrones.
632 3918 726 3982 Unde
750 3919 783 3981 in
809 3913 990 4000 euvangelio
1001 3912 1052 3978 ³⁶⁹:
1082 3914 1205 3990 „Homo
1229 3915 1354 3998 quidum
1377 3913 1417 3977 nb
1439 3913 1616 3977 Jerusalem
1638 3918 1670 3976 in
1690 3913 1842 3978 laicam
1864 3925 1930 3983 ete.

237 4048 266 4112 5.
304 4050 334 4110 6.
369 4043 435 4130 Qui
471 4044 566 4109 locus
602 4045 718 4108 dicitur
747 4042 950 4110 Adomin³³⁰.
997 4044 1044 4108 lbi
1081 4043 1186 4109 eciam
1221 4041 1409 4129 frequenter
1438 4065 1458 4108 a
1488 4041 1671 4109 latronibus
1706 4042 1931 4111 effundebatur

368 4171 507 4255 sanguis
531 4168 704 4235 humanus.

474 4415 541 4482 361)
556 4413 652 4468 Gloria
671 4415 699 4466 in
716 4411 828 4481 excelcis]
845 4413 892 4465 ctr
907 4412 1050 4466 budellum
1068 4429 1091 4466 e.
1102 4413 1229 4466 xxxvl!
1245 4410 1324 4481 pta.
1338 4441 1371 4454 -
1385 4410 1812 4480 summoueantur
1828 4413 1928 4482 legitur

366 4509 527 4576 arabum.
563 4527 640 4581 Quae
660 4523 737 4574 rerba
756 4522 784 4574 iu
800 4521 915 4588 Vulgata
930 4529 1070 4576 vertamur
1086 4520 1170 4576 turra'r
1180 4522 1277 4590 propia,
1296 4537 1312 4573 a
1326 4517 1446 4573 Lutbern
1462 4520 1587 4585 „Thumi
1596 4521 1696 4576 w.
1725 4521 1787 4576 vid.
1798 4519 1928 4576 Dictaeeb

366 4633 402 4687 ad
416 4632 486 4687 bunc
501 4634 598 4686 locum.
630 4627 821 4684 ctrttiohslv
831 4627 979 4698 8.-ttt3)
995 4630 1165 4698 incortinatur]
1181 4632 1392 4684 incitamentum.
1402 4627 1514 4698 -860
1524 4630 1638 4702 rydouo]
1650 4630 1765 4696 siderea,
1781 4630 1879 4684 diviua.
1892 4660 1928 4673 -

365 4739 433 4809 ³65)
451 4742 528 4795 iuxta
542 4741 590 4809 ud]
602 4738 740 4793 Particula
757 4738 793 4791 ad
804 4737 932 4793 abundat.
943 4767 977 4781 —-
989 4736 1056 4803 366)
1069 4738 1203 4806 wurdt]
1222 4738 1275 4793 rid.
1293 4740 1386 4792 Rittar
1404 4739 1468 4791 XVI
1489 4737 1550 4794 tte.
1569 4766 1604 4779 ·—
1623 4737 1690 4808 tut)
1706 4738 1867 4811 offensionis]
1885 4740 1927 4792 at

366 4852 426 4904 aliia
445 4866 523 4904 moue
542 4848 663 4903 scandali
681 4847 788 4902 dicitur.
817 4846 1282 4916 vid.ttincrxv1322-3ts)
1303 4845 1445 4914 Mrdiloclt]
1465 4845 1585 4902 Molocb.
1613 4848 1675 4902 vrd.
1691 4845 1928 4916 {Regiu-

365 4955 432 5026 aab)
451 4956 598 5027 cumdio]
617 4957 707 5014 Lucae
723 4957 749 5012 X
767 4954 811 5011 30.
826 4987 862 4999 —
881 4956 948 5029 370)
968 4957 1094 5027 Adonin]
1111 4957 1234 5024 Adumia,
1254 4956 1386 5024 comta,
1405 4973 1477 5013 nune
1494 4955 1724 5012 limant-addent.
1761 4955 1822 5013 Vid.
1836 4956 1927 5012 ffittar
1985 4990 1989 4995 -

365 5065 414 5119 XV
433 5063 478 5134 (l)
497 5064 557 5120 tta.
