4214 6096
1088 342 1143 404 134

273 516 554 581 commerrdooione
582 538 638 579 sue
666 513 749 600 legis
776 528 807 579 et
835 517 883 580 sui
912 516 1076 602 prophete.
1122 517 1237 582 Nullus
1264 540 1416 604 umquam
1444 518 1569 584 deridet
1594 519 1711 599 alium,
1737 520 1789 585 rel
1812 521 1875 587 sibi
1888 524 1944 593 ¹⁹²!

273 631 431 712 detrahit,
457 630 509 694 vol
532 633 638 717 ipsum
661 634 815 716 increpat.

606 829 763 893 XXVIII.
802 830 865 894 DE
887 829 1222 895 AFFABILITATE
1244 831 1306 895 AD
1329 831 1612 897 EXTRANEOS.

242 991 250 1040 t
395 977 627 1041 Atl'abilitatenr
656 992 687 1041 et
716 978 931 1043 vrbanitatcm
959 990 1082 1043 tantam
1113 988 1243 1042 seruant
1264 1002 1377 1044 versus
1400 992 1590 1063 extraneoS,
1620 981 1706 1066 quod
1727 1005 1786 1047 nos
1810 987 1946 1072 reeipie-

238 1095 349 1159 2bant
370 1107 406 1156 vt
429 1093 569 1175 arigelos.
615 1094 754 1173 (tumulo
777 1107 883 1158 autem
905 1095 1091 1159 volebamus
1112 1100 1233 1159 intrare
1256 1095 1369 1160 domos
1392 1096 1550 1161 nobilium
1570 1097 1622 1161 vel
1645 1099 1843 1184 sapientum,
1873 1123 1945 1165 eum

270 1222 361 1275 tanta
383 1210 490 1273 leticia
512 1234 569 1272 nos
594 1209 801 1295 recipiebant,
823 1211 909 1293 ‹uttrd
933 1212 1104 1274 ridebatur
1125 1210 1218 1274 uobIs
1242 1212 1443 1297 frequenter,
1467 1212 1552 1298 quod
1574 1215 1811 1279 inuenissenrus
1834 1216 1945 1303 hospi·

236 1341 252 1389 3
271 1339 318 1391 tes
342 1326 473 1390 ordinis.
519 1324 567 1387 Illi
590 1339 708 1404 utitem,
731 1330 784 1408 qui
806 1324 944 1389 libenter
968 1328 1126 1412 recipiunt
1148 1327 1265 1389 tratres
1286 1326 1411 1390 ordmis
1434 1329 1466 1392 in
1489 1327 1637 1392 domibus
1661 1332 1738 1411 suis,
1761 1332 1946 1417 frequenter

271 1444 375 1506 eciam
401 1440 541 1523 quadam
572 1440 754 1504 vrbanitatc
783 1453 812 1503 et
834 1442 1055 1505 familiaritate
1078 1442 1250 1528 potebant,
1282 1442 1368 1528 qnod
1388 1441 1513 1526 aliquid
1535 1444 1716 1508 diceremus
1739 1445 1779 1509 de
1799 1446 1872 1511 Deo
1894 1447 1947 1512 vel

237 1558 314 1624 tad
335 1556 651 1622 commendacionem
673 1556 803 1622 Christi.
847 1558 890 1620 Et
913 1558 1041 1642 quando
1064 1581 1174 1622 coram
1202 1557 1296 1622 nobis
1325 1559 1536 1623 nominabant
1556 1559 1720 1624 Christum
1728 1610 1737 1641 ,
1769 1585 1946 1650 numquam

239 1758 248 1767 ·
273 1673 485 1739 nominabunt
504 1696 574 1736 enm
600 1674 661 1736 uisi
683 1695 754 1735 eum
778 1674 878 1757 digna
891 1673 996 1754 laude,
1018 1673 1156 1738 seilicet:
1177 1674 1348 1755 „Christus
1364 1673 1511 1737 laudetur
1532 1676 1644 1760 ipse!“
1666 1675 1718 1739 rel
1733 1677 1855 1762 aliquid
1872 1679 1949 1745 tale.

238 1772 252 1804 ⁰
398 1789 503 1852 Vnum
533 1791 634 1853 eciam
665 1788 759 1852 rahle
790 1791 935 1873 grauiter
966 1789 1127 1867 serebant,
1157 1790 1242 1876 quod
1273 1789 1462 1853 nolebamus
1492 1813 1564 1854 eum
1587 1793 1633 1855 eis
1656 1793 1833 1858 comedere.
1875 1796 1945 1882 Ipsi

272 1910 356 1971 renim
379 1907 552 1969 Sarrrneni
579 1905 687 1967 statim
717 1917 835 1990 piuant
865 1905 988 1987 aliquid
1011 1905 1053 1968 ad
1077 1906 1326 1985 comedendum,
1358 1930 1430 1969 euni
1455 1905 1496 1969 ab
1519 1917 1674 1971 extraneo
1696 1910 1883 1992 visitantur,
1913 1921 1946 1976 et

239 2025 413 2088 tiriaxime
436 2019 576 2101 Arabos,
599 2023 653 2105 qui
676 2033 748 2083 sunt
771 2023 853 2084 Inter
876 2019 957 2083 alios
979 2030 1177 2085 sarracenos
1200 2021 1333 2086 nobiles.
1376 2022 1558 2109 Numquam
1581 2046 1657 2087 vero
1678 2022 1821 2089 lederent
1842 2026 1941 2091 horni-

238 2146 359 2221 8nem,
387 2139 441 2222 qui
472 2159 583 2200 secure
615 2141 705 2222 ponit
735 2159 769 2198 so
800 2136 842 2199 ad
869 2136 1101 2201 eornedendum
1132 2161 1203 2201 eum
1225 2139 1271 2201 eis
1291 2139 1455 2203 inuitatus.
1499 2138 1635 2220 Dicunt,
1666 2140 1751 2225 quod
1774 2154 1823 2205 est
1842 2142 1945 2207 tiater

273 2258 357 2336 eius,
388 2255 463 2340 quia
492 2252 631 2317 conrodit
657 2275 728 2314 eum
760 2275 796 2315 eo
829 2275 945 2338 panem
973 2268 1003 2317 et
1031 2254 1147 2335 salem,
1177 2265 1209 2317 et
1230 2266 1342 2340 postea
1366 2253 1509 2317 det'endit
1530 2277 1601 2318 eum
1623 2256 1664 2319 ab
1688 2256 1838 2320 omnibus
1860 2256 1943 2330 aliis,

272 2371 404 2435 eciamsi
427 2368 598 2432 occidisset
621 2378 744 2452 patrem
768 2391 868 2431 suurn.

653 2564 777 2629 XXIX.
821 2567 883 2630 bu
907 2566 1562 2633 0010011111δΑκκΑοΜωΜ.

241 2725 250 2773 l
395 2715 612 2781 Concordiam
644 2737 719 2779 vero
749 2727 780 2778 ot
811 2739 951 2780 umorem
974 2694 1188 2781 ita'nutriuut
1208 2717 1405 2798 adinuicem,
1435 2728 1470 2779 rt
1498 2740 1573 2781 vere
1595 2718 1765 2782 videantur
1788 2742 1859 2783 esse
1878 2722 1943 2784 lra-

238 2844 346 2899 ttres.
391 2834 472 2895 Nam
503 2832 605 2893 troium
637 2830 796 2915 loquendo
818 2832 998 2896 adinuieem
1021 2835 1161 2896 maxime
1184 2832 1227 2896 ad
1249 2846 1436 2914 extraneos,
1470 2832 1549 2896 dieit'
1576 2856 1657 2896 vnus
1681 2832 1790 2897 alteri:
1822 2836 1873 2915 „C
1896 2834 1942 2899 lili

272 2950 384 3013 matris
408 2948 521 3010 rnee!“
542 2948 610 3032 Ipsi
633 2949 733 3010 ceiam
756 2972 814 3011 nee
837 2948 986 3012 ‹reeidunt
1009 2971 1043 3010 se
1067 2949 1248 3011 adiuuicem
1274 2972 1332 3011 nee
1355 2948 1521 3034 (expoliunt
1542 2950 1611 3029 ¹³⁹³),
1641 2949 1696 3012 sod
1719 2949 1813 3015 homo
1837 2975 1942 3016 sarru-

238 3078 368 3129 3eenus
400 3066 602 3126 securissimo
635 3068 748 3127 transit
777 3066 860 3127 inter
890 3086 1109 3151 <pressumque
1139 3075 1310 3127 (extraneos
1339 3075 1369 3126 et
1399 3063 1555 3127 harlmros
1587 3086 1776 3129 sarracenos
1837 3068 1942 3132 Semel

272 3180 432 3245 soldanus
453 3178 621 3253 Babilonie
645 3181 731 3242 misit
756 3181 795 3243 de
818 3181 939 3266 llgipto
963 3181 1093 3244 militem
1118 3181 1180 3243 sibi
1202 3180 1328 3243 tidelom
1351 3181 1384 3241 in
1406 3180 1544 3264 Syriam,
1570 3191 1603 3242 vt
1625 3180 1671 3243 ihi
1692 3191 1777 3245 esset
1796 3183 1939 3247 viearius

238 3298 340 3359 teins
363 3309 393 3357 et
411 3293 604 3375 gubernaret
627 3298 829 3381 prouinciam
851 3312 882 3360 et
905 3299 1044 3360 mitteret
1068 3299 1096 3359 ei
1120 3296 1239 3360 tributu
1263 3298 1438 3380 prouineie.
1484 3295 1548 3372 Qui
1571 3297 1677 3359 statim
1700 3298 1732 3359 in
1756 3297 1942 3383 superbiam

238 3411 373 3475 5elatus
394 3410 562 3474 rebellauit
584 3413 739 3474 aduersus
762 3411 924 3475 dominum
948 3437 1038 3476 suum
1062 3410 1246 3485 baldenum,
1267 3423 1298 3473 ot
1320 3422 1387 3474 tota
1409 3413 1577 3497 prouincia
1597 3411 1653 3475 illa
1676 3436 1747 3476 eum
1770 3438 1815 3477 eo.
1860 3414 1941 3478 Tur·

272 3526 365 3590 batus
389 3525 548 3589 &chlamis
583 3529 669 3589 misit
696 3541 807 3592 emrtru
833 3552 904 3592 eum
935 3531 1110 3591 nmximum
1141 3529 1334 3607 exereitum,
1367 3540 1396 3590 et
1426 3527 1516 3590 miles
1545 3527 1682 3591 inlidelis
1706 3550 1746 3592 ex
1769 3542 1944 3615 partesue

238 3645 373 3709 tteeiarn
405 3647 617 3726 congregarat
649 3668 799 3728 inagnum
831 3648 1015 3708 exereitum.
1058 3645 1100 3708 Et
1131 3667 1202 3707 cum
1225 3654 1332 3707 essent
1353 3646 1385 3707 in
1408 3667 1522 3729 canipe
1546 3642 1735 3707 altrinsecus
1757 3646 1945 3711 imminente

273 3782 382 3845 pugna
406 3758 556 3822 dixerunt
579 3761 778 3824 adirmieem:
808 3762 942 3842 „Nonne
966 3784 1074 3824 sumus
1096 3783 1206 3823 ornnes
1230 3759 1426 3823 sarraceni?
1449 3782 1595 3845 pugnare
1619 3760 1799 3824 adinuioem
1821 3784 1886 3826 non
1906 3761 1943 3826 li-

239 3862 253 3910 7

238 3889 330 3979 ,eet
375 3875 562 3958 Arcipintur
585 3876 638 3938 ille
662 3875 766 3957 solus,
788 3879 842 3961 qui
868 3876 1037 3940 rohellauit.
1061 3877 1189 3939 domino
1211 3899 1282 3956 suo,
1315 3888 1344 3938 et
1368 3878 1467 3939 simus
1491 3899 1600 3939 omues
1623 3878 1655 3938 in
1676 3878 1789 3962 paee.“
1831 3876 1875 3941 Et
1896 3879 1943 3942 sio

273 3993 379 4056 statim
409 3992 493 4053 taeta
525 4015 603 4076 paee
637 4010 664 4054 et
696 4016 819 4056 summu
842 3992 1073 4076 tranquillitate
1097 3992 1136 4055 de
1158 4004 1246 4055 tanto
1268 3994 1414 4055 <exercitu
1437 4015 1517 4054 rnus
1542 3991 1626 4054 solus
1649 3996 1774 4056 oeeisus
1796 3995 1942 4058 moritur.

238 4107 366 4171 bl'ndc
388 4106 450 4177 illi,
478 4108 530 4190 qui
555 4107 672 4171 habent
697 4108 800 4191 legem
824 4110 995 4173 occisionis
1017 4120 1045 4170 ct
1071 4110 1198 4189 nmrtis,
1232 4107 1343 4171 nolunt
1367 4134 1401 4170 se
1423 4110 1559 4171 inuicem
1583 4107 1750 4190 occidere,
1780 4123 1811 4172 et
1832 4113 1943 4176 miseri

273 4223 460 4295 Christiani,
481 4224 535 4306 qni
556 4222 675 4287 habent
697 4224 800 4307 legem
826 4228 891 4289 rite
913 4238 943 4288 et
968 4224 1121 4287 inundata
1143 4226 1233 4309 pacis
1257 4237 1288 4286 et
1310 4223 1501 4302 dilectionis,
1524 4247 1557 4286 se
1580 4226 1719 4288 inuicem
1742 4227 1811 4290 siue
1833 4227 1943 4314 aliqua

225 4352 253 4399 to
272 4340 483 4404 rnisoraeimne
506 4338 663 4402 «recidunt.
709 4343 742 4402 si
766 4356 870 4405 nutem
894 4346 1092 4405 Sarraeenus
1114 4341 1239 4403 occidat
1261 4340 1357 4403 alium
1381 4345 1594 4403 sarracenum
1618 4364 1694 4404 ctasu
1718 4356 1772 4406 aut
1794 4367 1833 4407 ex
1855 4354 1943 4410 certa

272 4456 415 4534 malicia,
443 4452 526 4514 tilius
561 4453 610 4526 rel
645 4458 744 4519 trater
767 4459 865 4520 occisi
894 4482 968 4521 raro
990 4461 1115 4543 impetit
1143 4457 1334 4533 vindictum,
1361 4466 1392 4518 et
1423 4469 1556 4539 surgunt
1586 4458 1683 4520 aurici
1705 4482 1890 4524 communes
1912 4475 1943 4525 et

272 4580 476 4656 componunt,
500 4584 529 4631 et
553 4571 718 4655 accipiunt
740 4575 912 4635 occisorem
938 4588 967 4636 ct
990 4574 1108 4636 (locunt
1134 4595 1205 4635 eum
1229 4572 1392 4656 captiuum
1415 4572 1457 4634 ad
1478 4572 1576 4635 lilium
1601 4573 1651 4636 rol
1676 4576 1808 4639 tratrem
1832 4579 1942 4660 occisi,

272 4689 326 4773 qui
356 4682 603 4771 upprohemlens
625 4709 695 4749 eum
719 4687 807 4750 ducit
829 4689 871 4751 ud
891 4691 1098 4767 cimiterium,
1127 4702 1156 4751 et
1181 4687 1257 4751 dicit
1281 4689 1325 4750 ei:
1354 4687 1478 4767 „Filius
1502 4689 1629 4773 quidem
1652 4693 1763 4755 mortis
1786 4716 1836 4775 es,
1866 4699 1942 4781 quia

224 4826 250 4874 tt
273 4803 419 4869 occidisti
442 4811 703 4885 patremmeum,
725 4804 780 4867 secl
803 4807 828 4868 si
853 4818 883 4868 te
900 4806 1059 4880 occidero,
1081 4827 1142 4869 non
1160 4802 1320 4866 rehabeho
1337 4816 1469 4888 proptor
1485 4803 1544 4867 hoc
1561 4808 1664 4870 cum.“
1696 4807 1739 4870 Et
1755 4808 1861 4875 addit:
1884 4812 1942 4890 „si

272 4919 391 4983 nudum
414 4931 459 4979 est
484 4917 533 4979 rel
556 4920 633 4996 t'uit,
657 4920 742 5006 quod
766 4922 890 4984 occisus
914 4932 961 4983 est
981 4945 1062 4984 rnus
1085 4924 1300 4996 sarracenus,
1332 4922 1421 5003 peius
1444 4932 1509 4993 est,
1532 4922 1616 5004 quod
1639 4923 1826 4987 occidantur
1848 4924 1943 4991 duo.“

224 5052 253 5100 12
272 5035 313 5098 Et
345 5034 436 5096 ‹lic-it:
465 5038 741 5117 ‚‚Ieeumhclle¹”⁴),
770 5037 855 5122 quiid
885 5040 1113 5121 interpretatur
1142 5036 1313 5098 1111111111ί
1347 5049 1377 5098 et
1406 5036 1558 5121 proscidit
1591 5041 1727 5103 occisori
1753 5040 1889 5127 capillos
1911 5056 1943 5107 et

225 5172 254 5219 13
273 5151 403 5213 dimittit
426 5171 497 5210 eum
520 5151 551 5211 in
574 5174 661 5235 paee.
705 5153 792 5232 Quid
813 5155 910 5238 igitur
931 5152 973 5214 ad
995 5152 1240 5214 excusacionem
1264 5174 1354 5214 sumn
1377 5151 1493 5214 dicturi
1517 5165 1589 5217 sunt
1609 5153 1794 5239 Christiani,
1818 5160 1872 5243 qui
1894 5158 1940 5223 di·

273 5280 349 5328 eunt
371 5262 514 5326 cottidie:
535 5267 691 5347 „Dimitte
713 5270 805 5333 nobis
829 5269 938 5333 debita
960 5279 1080 5348 nostra,
1104 5269 1185 5330 sieut
1208 5280 1239 5331 et
1261 5290 1318 5331 nos
1341 5267 1581 5332 ‹lirrrittirnus't“

339 5472 406 5535 192)
429 5464 490 5545 siti]
514 5470 549 5543 oi,
572 5492 585 5525 s
619 5470 655 5528 ‹le
677 5492 711 5529 eo
734 5471 868 5542 detrahit,
890 5474 916 5531 ei
936 5471 1085 5530 obtrectat.
1192 5493 1260 5553 194,
1283 5488 1335 5547 Est
1358 5489 1436 5547 amb,
1461 5458 1559 5554 ,sl-IL,
1585 5466 1683 5587 ὡς
1712 5492 1809 5561 „er-„n
1830 5494 1943 5569 balah„

339 5617 406 5672 193)
429 5614 579 5686 expoliunt
602 5610 638 5670 G.
1130 5615 1164 5669 sit
1190 5615 1217 5669 in
1242 5613 1314 5671 ileu.
1460 5578 1465 5593 ··
