4214 6096
1068 307 1124 369 tos

852 482 909 546 ιν.
952 482 1015 546 ns
1035 480 1338 547 menesatem.
1414 460 1418 469 ’

229 648 237 697 1
383 615 464 681 lude
486 618 633 681 venimus
654 614 697 679 ad
718 613 935 695 lherusalem,
958 616 1121 680 ciuitatem
1146 624 1308 689 sanctam,
1337 634 1399 698 que
1421 615 1525 677 eciam
1545 634 1622 676 rere
1643 622 1750 698 potest
1771 613 1935 678 nominari

225 733 374 799 sciuitas
402 733 493 795 ruine
523 742 555 795 ct
580 730 818 794 destructionis.
859 729 897 793 ln
925 751 990 816 qua
1014 733 1118 817 primo
1139 732 1257 795 iuimus
1281 728 1324 793 ad
1344 727 1516 792 ecclesiam
1538 727 1702 814 sepulchri
1721 728 1857 795 Domini
1877 751 1935 793 no·

224 850 317 917 astri
339 848 435 912 lhesu
457 847 598 923 Christi,
627 858 658 910 ct
686 870 749 911 non
779 847 943 932 potuimus
965 847 1087 910 intrare
1106 845 1289 911 nolentibus
1312 845 1511 909 Sarracenis.
1553 843 1634 908 Inde
1661 845 1868 909 ascendimus
1890 843 1934 909 ad

224 975 405 1028 tmontcni
429 962 535 1047 Syen,
567 964 746 1043 ciuitatem,
782 984 878 1046 quarn
901 962 1065 1027 cdilicauit
1084 974 1116 1027 et
1143 962 1345 1047 expugnauit
1364 958 1486 1023 Dauid.
1529 958 1580 1023 lbi
1606 961 1789 1025 innenimus
1810 973 1936 1025 turrem

256 1077 383 1159 Dauid,
415 1077 454 1141 de
484 1079 635 1142 maximis
665 1087 696 1140 et
728 1076 895 1163 quadratis
926 1079 1016 1141 saxis
1049 1077 1248 1157 edificatam,
1285 1077 1386 1139 eciam
1417 1074 1503 1161 quod
1519 1075 1561 1151 ²¹)
1589 1074 1789 1140 destruentes
1815 1079 1850 1140 in
1877 1075 1933 1140 de·

224 1193 413 1259 tstruendo
442 1193 627 1255 defecerunt
658 1204 689 1255 et
710 1192 833 1278 aliquid
856 1192 899 1255 ad
921 1194 1109 1257 memoriam
1130 1193 1335 1279 reliquerunt.
1379 1191 1498 1255 Postea
1519 1192 1701 1255 iuuenimus
1720 1191 1844 1273 locum,
1874 1190 1933 1255 vbi

223 1308 434 1373 odecollatns
457 1310 515 1372 l'uit
539 1320 668 1372 sanctus
689 1307 826 1372 lacobus
849 1310 961 1372 maior.
1005 1308 1068 1373 Vbi
1091 1331 1175 1371 nunc
1197 1322 1246 1371 cst
1274 1306 1426 1387 ccclesia,
1456 1318 1487 1370 et
1514 1309 1548 1370 in
1576 1307 1714 1372 ecclesia
1742 1306 1933 1372 decollacio-

225 1433 238 1482 7
259 1425 311 1488 nis
334 1434 382 1488 cst
403 1446 559 1505 marmor,
588 1424 673 1509 qued
703 1424 809 1488 adhuc
832 1424 971 1489 ostendit
993 1424 1127 1488 rubeum
1150 1424 1340 1507 sanguinem
1359 1433 1571 1486 cruentatum.
1612 1423 1732 1487 Postea
1751 1424 1934 1487 inuenimus

226 1539 373 1621 slocum,
399 1538 454 1603 vbi
473 1540 531 1602 luit
554 1538 739 1602 cenaculum
761 1539 840 1603 illud
860 1539 985 1624 grande
1007 1552 1153 1604 stratum.
1197 1537 1260 1601 Vbi
1283 1538 1344 1602 fuit
1365 1538 1515 1602 edificata
1536 1540 1680 1602 maxima
1701 1538 1848 1619 ecclesia,
1870 1558 1935 1624 que

259 1678 300 1719 ex
321 1678 386 1719 vna
408 1666 501 1741 parte
523 1656 663 1719 continet
686 1654 799 1718 cellam
822 1656 891 1719 siue
913 1658 1112 1720 mansionem
1136 1655 1228 1718 beate
1241 1653 1345 1717 llarie
1367 1655 1504 1738 virginis
1521 1666 1596 1740 post
1610 1656 1831 1720 ascensionem
1844 1652 1936 1719 Filii.

224 1770 311 1833 elix
340 1769 405 1834 alia
435 1784 527 1856 parte
553 1771 585 1833 iu
614 1770 744 1855 longum
773 1773 912 1834 continet
944 1770 1065 1852 locuni,
1094 1770 1150 1834 vbi
1178 1774 1305 1832 cenauit
1327 1769 1475 1835 Christus
1505 1792 1577 1834 cum
1600 1770 1769 1856 discipulis
1791 1772 1875 1851 suis,
1902 1782 1936 1833 et

209 1862 240 1978 pp
259 1885 334 1967 alia,
358 1910 420 1969 quc
439 1887 515 1949 l'ccit
539 1886 649 1950 eedem
674 1908 754 1949 sero.
798 1887 841 1949 Et
863 1885 908 1949 ibi
929 1901 978 1949 est
1000 1887 1112 1967 altare,
1133 1885 1189 1949 vbi
1213 1885 1376 1949 ordinauit
1398 1899 1633 1950 sacramentum
1653 1887 1856 1950 eucharistie.
1890 1884 1935 1949 Et

259 2001 305 2066 ibi
331 2004 435 2066 eciam
463 2013 512 2065 cst
541 2000 645 2071 locus,
672 2000 728 2064 vbi
759 2001 909 2086 discipuli
939 2014 1032 2066 erant
1064 2003 1270 2087 congregati,
1298 2001 1427 2086 quando
1455 2003 1559 2066 tactus
1581 2013 1630 2065 est
1650 2013 1784 2088 reponte
1805 2000 1846 2065 de
1866 2000 1935 2065 celo

211 2130 241 2177 12
260 2141 365 2182 sonus.
407 2117 450 2181 llt
472 2116 637 2180 incudem
660 2115 731 2181 loco
756 2117 869 2181 subtus
895 2133 944 2181 est
965 2119 1107 2199 mansio,
1130 2117 1186 2181 vbi
1207 2140 1278 2183 sero
1299 2130 1392 2181 erant
1414 2117 1564 2202 discipuli
1587 2119 1777 2203 congregati
1798 2127 1935 2203 propter

210 2244 381 2297 temetum
403 2231 584 2311 ludeorum,
608 2243 640 2295 et
660 2230 760 2314 locus,
783 2233 836 2297 vbi
862 2236 949 2297 stetit
971 2236 1004 2298 in
1025 2233 1130 2299 medio
1153 2256 1264 2298 corum
1285 2246 1317 2297 et
1339 2234 1438 2297 dixit:
1460 2233 1551 2313 „Pax
1575 2234 1792 2299 vobiscum!“
1812 2233 1863 2298 lbi
1885 2243 1936 2299 est

259 2347 377 2430 altare,
407 2349 515 2435 ibique
543 2347 777 2412 celebrauimus
807 2362 838 2412 et
865 2348 1104 2435 predicauimus
1131 2360 1295 2433 gementes
1316 2362 1347 2413 et
1368 2349 1480 2413 flentes
1503 2362 1535 2413 ct
1557 2350 1763 2414 vehementer
1783 2351 1935 2414 timentes

210 2476 241 2525 14
260 2463 365 2528 occidi
386 2487 405 2528 a
428 2467 627 2529 Sarracenis.
671 2463 723 2527 lbi
745 2487 848 2550 prope
871 2466 963 2528 iuxta
984 2463 1154 2528 ecclesiam
1185 2478 1233 2527 est
1256 2465 1427 2551 colmnpna
1450 2463 1684 2549 flagellacionis
1707 2464 1847 2547 Christi,
1876 2464 1935 2529 ad-

210 2553 241 2671 ig
260 2581 325 2645 huc
346 2583 485 2667 vestigio
509 2582 675 2666 sartguinis
700 2579 821 2644 Christi
844 2591 1021 2644 cruentata.
1062 2580 1111 2643 lbi
1134 2583 1226 2645 iuxta
1248 2595 1296 2643 est
1318 2580 1432 2644 doinus
1454 2580 1558 2661 Anne,
1581 2582 1684 2645 soceri
1701 2580 1845 2666 Cayphc.
1882 2579 1934 2644 Ibi

211 2711 239 2760 tt
262 2719 365 2783 prope
388 2709 436 2761 cst
455 2697 553 2775 locus,
577 2696 632 2759 vbi
649 2696 774 2777 Petrus,
796 2707 966 2783 postquam
990 2699 1123 2781 negauit
1138 2697 1312 2777 Christum,
1334 2721 1483 2782 egressus
1505 2698 1592 2761 foras
1608 2696 1698 2759 fleuit
1712 2718 1832 2759 amare.
1868 2695 1935 2760 Vbi

210 2827 240 2877 ts
259 2814 292 2877 in
315 2815 504 2877 memoriam
527 2813 765 2896 negociationis
788 2813 839 2875 vel
862 2836 972 2876 amurc
993 2813 1086 2876 fletus
1109 2828 1140 2875 et
1162 2815 1341 2898 penitencie
1354 2812 1443 2876 Petri
1466 2813 1617 2876 edificata
1639 2823 1688 2875 est
1705 2811 1851 2877 eeclesia.
1881 2810 1934 2877 Ibi

210 2938 240 2987 19
260 2929 491 2995 descendentes
513 2928 552 2992 dc
577 2938 685 2991 monte
706 2930 795 3013 b'yen
817 2930 998 2993 inuenimus
1019 2928 1123 2993 locum
1145 2928 1280 2992 fratrum
1312 2928 1561 3013 predicatorum.
1605 2927 1669 2991 Vbi
1697 2926 1804 2992 adhuc
1826 2940 1938 2992 manet

208 3016 241 3131 ii
259 3054 347 3111 ortus
359 3048 410 3122 ²²).
445 3046 507 3109 Est
529 3055 635 3107 autern
657 3043 745 3107 locus
768 3046 851 3108 inter
871 3044 1025 3130 templum
1041 3044 1224 3108 Salomonis
1246 3054 1278 3107 et
1300 3044 1453 3129 templum
1468 3044 1610 3109 Domini.
1642 3044 1695 3107 De
1708 3042 1827 3128 templo
1842 3042 1935 3108 Salo·

208 3170 240 3219 2²
258 3164 362 3226 monis
376 3161 517 3224 vidimus
529 3161 579 3240 ²³),
605 3159 689 3222 vnde
703 3160 916 3245 precipitatus
930 3162 990 3224 fuit
1004 3160 1153 3240 lacobus,
1167 3160 1267 3223 frater
1282 3160 1424 3224 Domini.
1459 3160 1522 3224 Vbi
1537 3172 1586 3225 est
1600 3161 1777 3223 maximum
1793 3163 1933 3248 precipi-

208 3288 241 3337 23
259 3278 344 3341 cium
358 3300 456 3363 super
469 3275 585 3338 vallent
599 3277 762 3359 losaphat.
781 3275 884 3354 Quem
897 3275 1001 3339 locum
1016 3275 1153 3361 repleuit
1165 3276 1317 3340 Salomon
1337 3299 1409 3338 cunr
1424 3276 1588 3340 edificauit
1602 3274 1693 3355 [alias
1704 3275 1758 3339 illo
1775 3276 1935 3357 melle]²⁴).

208 3408 241 3457 24
382 3392 462 3455 lude
485 3401 639 3455 «exeuntes
660 3392 822 3453 ciuitatem
846 3392 1038 3454 intrauimus
1061 3415 1209 3478 campum
1230 3397 1454 3466 Acheldemach,
1484 3393 1538 3477 qui
1565 3394 1720 3476 usquein
1742 3391 1936 3459 hodiernum

209 3520 241 3569 25
261 3507 347 3571 diem
368 3520 416 3572 cst
438 3506 643 3593 sepulchrum
670 3506 924 3591 peregrinorum.
967 3505 1017 3569 lbi
1041 3529 1143 3593 prope
1165 3508 1344 3571 inuonimus
1368 3506 1481 3571 cellam
1505 3510 1608 3571 sancti
1630 3507 1779 3572 Eunofrii
1803 3520 1835 3572 et
1855 3509 1935 3574 alio·

260 3646 332 3686 rum
353 3638 538 3687 astrictorum
565 3635 699 3708 [rutrum.

209 3744 242 3793 ²6
384 3740 462 3803 lnde
488 3739 719 3803 ‹lescendentcs
747 3738 790 3801 ud
815 3735 932 3801 vallem
966 3744 1110 3818 Iosophat
1139 3741 1321 3803 inponimus
1351 3739 1396 3802 ibi
1423 3737 1571 3802 mirabile
1598 3738 1819 3824 sepulchrum,
1846 3741 1936 3827 quod

261 3855 430 3919 edificasse
454 3855 570 3919 dicitur
593 3855 747 3920 Salomon
770 3857 862 3917 vxori
887 3877 959 3934 stre,
988 3854 1051 3917 filie
1074 3855 1268 3936 Pharaonis,
1297 3879 1393 3939 quam
1416 3866 1538 3918 tantum
1564 3853 1692 3937 dilexit,
1722 3863 1757 3917 vt
1784 3857 1813 3919 ei
1835 3858 1936 3921 ascri·

259 3970 377 4034 bantur
399 3971 536 4035 Cantica
559 3971 774 4035 Canticorum.

210 4098 241 4148 27
386 4087 435 4149 [le
464 4085 548 4149 valle
570 4085 723 4170 losaphat
746 4084 972 4148 descendimus
996 4087 1026 4148 in
1049 4087 1193 4168 lcricho,
1225 4088 1340 4172 viginti
1362 4088 1517 4168 miliaria,
1547 4110 1605 4173 per
1634 4088 1719 4150 viam
1741 4086 1848 4169 illam,
1875 4110 1937 4174 per

210 4212 243 4261 28
261 4222 356 4287 quam
379 4200 596 4263 descendebat
618 4200 685 4279 ille,
716 4202 769 4287 qui
805 4199 1021 4263 descendebat
1045 4202 1085 4266 ab
1109 4202 1303 4266 lhcrusalem
1328 4204 1359 4264 in
1381 4203 1515 4267 Iericho.
1560 4201 1630 4281 Qtre
1652 4224 1752 4288 vsquc
1773 4225 1857 4267 nunc
1881 4202 1935 4267 de·

262 4326 349 4379 serta
371 4326 402 4378 et
423 4315 522 4379 dubia
546 4328 646 4379 estet
668 4316 846 4381 latronibus
868 4318 1079 4402 licqucntata.

210 4445 243 4494 22
385 4432 629 4496 Ilcs‹··‹·ndentcs
651 4446 756 4496 runem
782 4434 895 4517 viginti
921 4432 1061 4496 miliaria
1084 4437 1264 4498 inuenimus
1287 4436 1442 4497 reunitum
1471 4432 1656 4515 castellum,
1688 4434 1826 4517 quod25)
1847 4433 1936 4499 edifi-

263 4552 349 4614 cauit
371 4550 570 4629 Ptolomeus,
593 4548 676 4611 filins
699 4548 817 4628 hbebi,
841 4546 895 4609 vbi
918 4549 1035 4612 occidit
1059 4552 1242 4636 Spinonem,
1266 4549 1465 4613 sacerdotem
1490 4573 1651 4633 magnum,
1672 4571 1745 4613 curn
1765 4561 1849 4614 esset
1869 4550 1935 4615 He·

212 4684 244 4731 :to
262 4667 358 4732 breus
389 4690 460 4731 cum
490 4665 564 4728 liliis
594 4666 659 4728 suis
680 4667 713 4728 in
736 4663 902 4741 cernriuie,
930 4665 1013 4746 qnod
1042 4669 1088 4730 eis
1111 4668 1238 4729 lecerat.
1281 4666 1321 4728 Et
1347 4688 1448 4751 vsquc
1470 4664 1565 4728 modo
1596 4677 1643 4728 cst
1662 4665 1708 4729 ibi
1731 4667 1843 4747 turris,
1874 4687 1937 4750 que

264 4782 381 4847 dicitnr
406 4784 560 4869 usquein
583 4781 772 4845 hodiernum
795 4777 879 4840 diem
903 4784 997 4839 turris·
1018 4787 1116 4844 rebec.

212 4908 241 4957 :n
389 4900 436 4965 lbi
462 4898 687 4962 (lnseeendimus
712 4913 849 4982 ‹puatuor
871 4891 1010 4959 miliaria
1032 4900 1065 4962 in
1089 4902 1211 4965 Iericho,
1234 4920 1295 4982 que
1317 4911 1365 4959 cist
1386 4899 1478 4982 quasi
1500 4896 1635 4959 deserta.

326 5088 376 5149 21)
405 5087 495 5141 ariam
527 5086 619 5161 praed}
659 5085 699 5141 ita
725 5094 756 5141 ut
783 5095 812 5143 et
840 5085 1020 5146 destruentes
1049 5086 1078 5143 in
1183 5088 1234 5157 24)
1257 5081 1394 5140 Absurde
1418 5081 1490 5140 hacc
1511 5082 1587 5140 inl'ra
1609 5085 1628 5158 ς’
1652 5085 1689 5141 43
1714 5079 1753 5138 ad
1775 5082 1937 5159 marginem

263 5178 439 5240 destruendo
468 5183 626 5242 delicerent
655 5192 684 5241 ot
715 5183 824 5262 aliquid
852 5184 890 5243 ad
910 5184 1078 5242 memoriam
1122 5179 1257 5257 ponenda
1285 5201 1350 5239 esse
1382 5180 1526 5241 videntur.
1568 5180 1644 5239 Sunt
1671 5181 1749 5239 enim
1776 5180 1849 5239 nihil
1879 5180 1935 5239 nisi

263 5278 466 5358 relinquerent,
1122 5279 1239 5357 scriptio
1262 5280 1328 5350 alia,
1349 5281 1482 5359 quamvis
1506 5291 1535 5339 ct
1557 5282 1621 5358 ipsa
1643 5279 1781 5339 absurda.

325 5381 376 5447 22)
396 5379 488 5453 ortus]
514 5382 530 5438 i.
547 5404 570 5440 e.
594 5380 701 5439 hortus.
1184 5382 1234 5447 253
1261 5381 1411 5436 castellum
1436 5379 1522 5456 quod]
1560 5379 1632 5438 Cod.
1661 5378 1696 5439 G.
1731 5380 1814 5436 cl‘am
1835 5378 1937 5455 ‘quam

324 5480 375 5547 23)
399 5474 582 5536 Vocabulum
612 5482 702 5537 locem
729 5502 745 5538 c
774 5482 941 5540 coniectura
970 5477 1078 5537 addere
1120 5478 1139 5535 i.
1167 5498 1192 5535 c.
1222 5476 1382 5535 clausulam
1410 5499 1512 5556 ipsam,
1542 5477 1594 5537 ssd
1617 5477 1767 5556 praecedit
1787 5480 1939 5548 munitam,

266 5595 324 5632 non
344 5596 443 5632 sitinus
463 5576 534 5634 ausi.
1121 5597 1179 5635 non
1202 5577 1353 5635 munitam.
