4214 6096
1106 359 1164 424 184

246 564 277 618 ιι
418 538 471 604 Ab
499 538 555 602 illa
584 560 703 624 magno
729 540 847 603 timore
869 539 1080 603 transiuimus
1101 538 1286 620 Araim²⁰⁰)‚
1314 560 1376 626 quc
1405 548 1455 603 est
1475 540 1591 603 ciuitas
1611 559 1715 625 parua
1735 545 1768 602 et
1789 536 1966 619 destructa,

293 665 441 742 tempore
471 661 691 740 beugarum·)
728 677 748 719 a
778 655 898 719 nostris
927 653 1125 735 inhabitata,
1164 652 1282 719 multos
1312 655 1347 719 in
1374 652 1492 719 finibus
1520 654 1587 720 suis
1615 652 1741 719 babens
1767 652 1969 719 latrunculos

294 791 494 835 samacenos.

245 907 274 958 lt
418 886 462 950 Et
483 897 610 968 notate,
639 885 726 973 qnod
745 886 785 950 be
807 886 956 951 ciuitates
977 895 1010 950 et
1032 884 1118 950 dicte
1138 897 1170 950 et
1190 885 1326 951 dicende
1352 888 1385 951 in
1408 885 1588 972 perditione
1608 895 1694 952 terre
1716 896 1827 951 sancte
1849 907 1870 949 a
1891 884 1970 950 Sar-

293 1006 421 1069 racenis
442 1004 570 1068 fuerunt
592 1002 773 1084 destructe,
798 1012 907 1089 preter
929 1007 998 1080 Ias,
1028 1023 1123 1088 quarn
1145 1003 1248 1084 nostri
1267 1011 1414 1088 tempore
1434 1001 1569 1067 Henrici
1591 1003 1802 1089 Imperatoris
1824 1000 1971 1088 -prob

247 1143 277 1192 ιι
295 1118 417 1206 pudor!
441 1157 480 1165 —
503 1117 714 1205 perdiderunt
726 1119 792 1192 ²⁰¹).
835 1118 873 1182 In
895 1139 960 1202 qua
980 1117 1039 1182 filii
1055 1116 1239 1182 Mammone
1259 1119 1380 1183 nostris
1401 1120 1543 1204 peccatis
1567 1116 1774 1204 exigentibus
1794 1117 1969 1184 duodecim

246 1234 385 1304 ramilis
404 1234 667 1301 Christianorum
694 1234 882 1299 occiderunt
903 1244 934 1297 ct
957 1235 1216 1320 eaptinauerunt.
1259 1232 1332 1296 Hac
1350 1232 1408 1297 illa
1429 1245 1478 1298 est
1500 1240 1608 1314 Ioppe,
1633 1235 1668 1297 in
1689 1255 1753 1320 qua
1773 1233 1888 1298 beatus
1909 1232 1970 1297 Pe·

293 1363 364 1417 trus
390 1352 546 1414 uisionem
569 1371 669 1436 supra
689 1360 811 1414 tactam
824 1350 881 1425 ²⁰²)
903 1350 1039 1435 accepit,
1063 1348 1187 1413 scilicet
1207 1370 1266 1412 uas
1290 1347 1329 1412 de
1351 1349 1420 1414 cela
1442 1351 1588 1432 missum,
1608 1350 1738 1436 plenum
1755 1350 1842 1415 omni
1857 1347 1969 1435 reptili

246 1487 277 1537 14
294 1478 395 1548 terre,
418 1465 504 1552 quod
527 1465 661 1550 angelus
683 1468 790 1552 ipsum
811 1463 1010 1529 manducare
1031 1465 1186 1551 precepit.
1225 1463 1297 1529 Hec
1317 1475 1366 1529 est
1387 1466 1488 1530 eciam
1510 1465 1577 1548 illa,
1600 1466 1634 1530 in
1655 1468 1746 1532 cuius
1772 1475 1867 1552 portu
1880 1465 1973 1551 magi

295 1581 429 1647 adorato
451 1581 594 1647 Domino
619 1603 678 1667 per
706 1582 804 1646 aliam
831 1583 918 1645 uiam
940 1580 1111 1645 redeuntes
1132 1602 1248 1644 nauem
1270 1602 1329 1643 nec
1351 1580 1422 1644 uela
1442 1602 1502 1645 nee
1524 1587 1621 1646 remis
1650 1585 1807 1647 munitam
1827 1583 1971 1646 intraue-

249 1724 277 1773 15
295 1708 379 1761 runt.
423 1696 488 1775 Qui
511 1696 609 1778 illine,
633 1708 667 1761 ut
692 1720 791 1783 supra
815 1696 910 1783 plene
933 1698 1051 1782 scripsi
1065 1698 1132 1776 ²⁰³),
1156 1695 1198 1759 ad
1220 1706 1349 1781 portum
1370 1696 1483 1760 Tarsis
1503 1697 1697 1763 miraculose
1719 1707 1793 1762 suut
1813 1697 1971 1784 perducti.

249 1835 279 1885 lo
296 1813 367 1878 Heo
390 1814 522 1893 ciuitas,
551 1814 634 1876 sicut
655 1825 688 1877 et
709 1812 847 1899 relique,
877 1836 897 1876 a
920 1813 1040 1876 nostris
1061 1833 1142 1898 pace
1170 1833 1190 1874 a
1210 1813 1348 1897 paganis
1377 1814 1424 1877 eis
1444 1812 1570 1878 indulta
1591 1812 1767 1878 inhabitari
1791 1813 1971 1877 consueuit.

248 1947 277 1997 17
296 1929 406 1994 Distat
428 1951 447 1994 a
469 1927 612 1994 Cesarea
634 1951 730 1993 unam
754 1928 883 1995 dietam.

266 2060 275 2106 ι
420 2047 477 2111 ΙΠ.
520 2044 591 2110 Illic
612 2043 731 2108 ducatu
754 2044 847 2109 nobis
869 2066 1022 2108 concesso
1044 2042 1261 2130 relinquentes
1282 2045 1478 2108 maritimam
1500 2056 1531 2109 et
1545 2044 1732 2110 incedentes
1745 2067 1860 2110 uersus
1875 2046 1972 2109 meri·

296 2161 382 2226 diem
414 2161 694 2248 peragranmusb)
722 2171 842 2224 terram
872 2162 1040 2224 uerissime
1069 2159 1153 2223 laete
1180 2167 1212 2222 et
1233 2159 1328 2224 melle
1350 2160 1589 2242 fluentem²⁰⁴),
1619 2171 1650 2224 et
1671 2162 1881 2227 transiuimns
1904 2167 1970 2224 Ra·

296 2278 450 2359 mamm),
473 2300 535 2363 que
557 2278 671 2341 ciuitas
694 2275 875 2355 destructa,
897 2298 916 2339 a
938 2276 1128 2340 sarrecenis
1150 2274 1351 2357 inhabitata,
1374 2275 1415 2340 de
1438 2299 1502 2363 qua
1522 2288 1669 2364 tempore
1691 2275 1890 2358 Grecorum‚
1913 2278 1970 2364 qui

295 2405 371 2458 tunc
398 2403 519 2458 terram
546 2416 644 2457 manu
669 2391 837 2473 tenebant,
867 2391 981 2456 beatus
1004 2389 1166 2475 Georgius
1175 2398 1200 2467 ο)
1229 2392 1383 2456 oriundus
1411 2393 1487 2474 l'uit3
1513 2391 1599 2457 unde
1621 2404 1653 2458 et
1673 2392 1768 2458 hodic
1790 2415 1810 2458 a
1829 2391 1970 2458 Gallicis

263 2508 365 2581 asan
383 2510 479 2595 lorge
506 2509 546 2573 de
568 2507 804 2585 nannenus
833 2506 914 2572 solet
942 2505 1110 2592 appellari.
1154 2506 1254 2573 Cuius
1283 2531 1400 2593 corpus
1429 2510 1464 2572 in
1492 2508 1632 2596 quodem
1656 2509 1792 2574 cenobio
1815 2509 1971 2574 Suriano·

263 2649 368 2701 arum
390 2628 482 2690 iuxta
504 2625 593 2689 illam
616 2628 677 2689 sito
700 2624 873 2709 requiescit
886 2624 954 2696 ²⁰⁷).
998 2622 1064 2701 Qui
1086 2624 1188 2687 eciam
1211 2622 1384 2708 aliquando
1407 2636 1639 2710 postmortem
1661 2626 1769 2690 carnis
1790 2627 1825 2689 in
1846 2624 1971 2691 eisdem

295 2741 413 2806 finibus
442 2765 514 2807 cum
542 2740 746 2821 Boldewino,
778 2762 854 2824 rege
882 2737 1188 2825 hierosolymitano,
1223 2738 1394 2803 uisibiliter
1423 2750 1536 2805 contra
1567 2741 1724 2818 Turcos0)
1754 2743 1913 2828 pugnauit
1939 2753 1972 2806 et

263 2859 414 2931 anostris
438 2861 608 2922 uictoriam
631 2857 800 2940 concess'p.
842 2854 918 2919 Alia
941 2865 990 2919 est
1010 2854 1114 2919 Rama
1136 2853 1244 2936 Iudae,
1267 2854 1308 2919 de
1329 2876 1393 2939 qua
1417 2878 1474 2920 suo
1497 2855 1567 2921 loco
1589 2855 1885 2943 expediemini²⁰⁸).

266 3011 275 3060 1
423 2974 479 3039 IV.
521 2975 597 3060 lpse
620 2973 672 3037 die
695 2974 839 3037 uenimus
862 2973 1131 3052 astronomum),
1162 2971 1249 3056 quod
1271 2981 1320 3034 est
1342 2971 1464 3054 casale,
1492 2975 1582 3037 euius
1605 2975 1798 3038 munitiones
1819 2984 1895 3037 eunt
1914 2971 1970 3037 de-

263 3099 428 3170 2structe,
447 3089 662 3153 inhabitatum
682 3111 702 3152 a
724 3087 922 3151 Sarracenis.
965 3086 1009 3150 Et
1027 3085 1128 3151 distat
1148 3109 1169 3151 a
1189 3086 1289 3173 lopea
1310 3086 1361 3151 uel
1382 3087 1437 3150 Ias
1455 3098 1580 3175 septem
1602 3088 1691 3153 milia
1712 3087 1882 3176 gallicana.

264 3225 278 3276 3
421 3206 555 3270 Postero
583 3205 654 3285 die,
685 3206 741 3287 qui
768 3205 852 3267 inter
883 3225 993 3267 omnes
1016 3202 1085 3267 dies
1107 3202 1361 3269 meefelicitatis
1383 3203 1588 3268 felicissimus
1610 3204 1868 3290 computabitur,
1895 3227 1970 3271 con·

264 3321 481 3386 ascendimus
503 3332 655 3385 moutam
670 3323 869 3382 Hierusalem.
913 3316 985 3398 Quo
1007 3329 1082 3382 sunt
1102 3318 1274 3383 admodum
1297 3319 1372 3401 alta,
1393 3319 1542 3407 lapidosa
1564 3330 1596 3384 et
1617 3321 1798 3407 asperrima
1820 3329 1861 3403 et,
1885 3320 1971 3407 quod

265 3436 447 3502 emirabile
469 3447 535 3518 est,
565 3434 699 3499 multum
722 3435 808 3513 uini,
837 3433 898 3498 olei
921 3445 952 3498 et
971 3434 1124 3498 frumenti
1147 3435 1322 3500 afferentia.
1364 3436 1404 3500 In
1426 3436 1542 3523 quibus
1565 3435 1705 3500 uidimus
1725 3436 1825 3502 multa
1846 3437 1971 3503 casalia

298 3564 329 3617 et
351 3552 497 3634 cenobia,
518 3576 652 3639 quorum
674 3554 804 3616 nomina
826 3550 904 3614 mihi
919 3560 994 3613 sunt
1009 3551 1129 3634 ignota,
1154 3549 1318 3615 destructa
1335 3565 1366 3615 et
1382 3551 1536 3633 desolata,
1560 3552 1724 3639 inquibus
1744 3552 1888 3639 religiosi
1907 3555 1971 3619 uiri

298 3691 401 3756 prope
424 3692 514 3733 suam
537 3680 673 3733 matrem
695 3666 897 3733 habitabant.

267 3773 277 3821 l

265 3839 280 3890 ²
423 3786 460 3850 V.
503 3785 605 3872 Igitur
633 3784 700 3850 sole
723 3785 845 3849 oriente
868 3780 1054 3847 desiderata
1075 3780 1131 3846 illa
1152 3782 1355 3848 Hierusalem
1385 3794 1496 3849 nostro
1519 3786 1665 3871 aspectui
1688 3785 1863 3850 oriebatur.
1903 3784 1971 3851 Ubi

298 3912 388 3966 tanto
414 3899 553 3987 perculsi
583 3923 691 3965 sumus
720 3899 839 3985 gaudio
868 3910 899 3963 et
928 3896 1163 3979 admiratione,
1191 3911 1224 3964 ut
1251 3902 1352 3964 eciam
1386 3900 1474 3965 illam
1502 3900 1651 3965 celestem
1672 3899 1878 3965 Hierusalem
1907 3923 1968 3966 nos

264 4014 410 4085 tuidere
439 4027 634 4102 putaremus.
678 4015 731 4079 Ad
761 4037 857 4100 quam
885 4013 1078 4078 accedentes
1104 4016 1227 4079 curiam
1258 4015 1420 4102 quandam
1450 4019 1543 4080 iuxta
1570 4038 1678 4080 muros
1708 4016 1849 4081 ciuitatis
1873 4018 1970 4082 sitam

263 4152 277 4200 4
297 4131 421 4196 intrare
442 4132 725 4218 compellebamur.
761 4131 798 4194 ln
820 4130 881 4194 hoo
903 4129 972 4195 loeo
988 4131 1049 4194 fuit
1065 4132 1296 4216 martyrizatus
1317 4131 1430 4196 beatus
1447 4132 1642 4217 Stephanus,
1665 4133 1698 4195 in
1714 4134 1806 4197 euius
1820 4133 1973 4212 honore‘)

365 4296 393 4366 a)
412 4295 461 4350 Ed.
483 4312 524 4364 pr.
549 4301 612 4365 post
635 4313 660 4351 v.
684 4301 843 4363 treugarum
867 4294 984 4348 incisum
1014 4295 1101 4364 ponit.
1135 4295 1188 4348 Sed
1207 4314 1230 4348 v.
1256 4306 1320 4349 sect.
1341 4301 1379 4351 16.
1406 4329 1438 4335 --
1461 4295 1489 4360 b)
1507 4296 1684 4349 neminimus
1707 4303 1808 4350 ter-ram
1830 4303 1859 4351 et
1874 4297 1974 4352 deindo

428 4381 642 4450 peragravimus
660 4378 779 4431 Romam
797 4378 886 4432 BEd.
915 4377 994 4442 Quae
1012 4379 1184 4432 correximus.
1200 4410 1231 4418 -
1250 4384 1276 4446 a)
1295 4379 1448 4449 Graqors'aa
1467 4379 1552 4433 aad.
1566 4411 1597 4419 -
1614 4379 1643 4441 d)
1663 4381 1928 4449 Samorpaderamma
1941 4380 1972 4436 B.

432 4463 711 4530 Samorperleramnaa
730 4461 780 4515 Ed.
798 4493 830 4500 -
848 4466 873 4531 e)
893 4463 999 4514 Meas
1015 4461 1100 4516 BEd.
1117 4494 1143 4501 -
1163 4462 1189 4532 f)
1207 4464 1334 4516 tonnam
1354 4462 1403 4515 Ed.

360 4637 431 4704 200)
450 4634 557 4708 Arena]
579 4643 637 4692 ant.
658 4632 826 4711 Apollonia,
848 4652 903 4691 rec.
926 4633 1025 4694 Arsirf.
1157 4643 1275 4693 auctore
1297 4631 1475 4710 Burchardo,
1496 4634 1544 4712 qui
1569 4654 1597 4712 p.
1620 4638 1657 4694 38
1682 4633 1717 4704 V,
1740 4637 1757 4693 2
1781 4634 1879 4694 casale
1899 4633 1973 4694 San·

362 4754 434 4823 201)
457 4751 515 4820 las
531 4784 569 4792 -
587 4748 792 4825 perdiderunt]
821 4746 935 4825 loppen
969 4747 1114 4806 christiani
1155 4751 1227 4808 geor
1249 4741 1463 4791 commemorat.
1497 4732 1621 4791 Ramanr
1641 4735 1728 4793 etiam
1746 4733 1900 4792 &mulam
1922 4753 1974 4793 no·

298 4847 487 4926 perdiderunt
508 4868 586 4908 anno
612 4853 700 4908 1191.
744 4847 779 4906 V.
800 4844 922 4904 Willscn
946 4845 998 4918 lv,
1021 4852 1089 4906 420.
1157 4832 1258 4888 mlum
1285 4841 1406 4890 ⁰⁰¹¹⁹i²b
1449 4831 1976 4910 3111181182(12281220088821ι

1156 4926 1283 5006 Georgo.
1338 4929 1383 4991 cf.
1418 4930 1532 4990 Tobler
1562 4930 1759 4990 Denlsbltttter
1793 4951 1821 5010 p.
1852 4934 1911 4993 588
1945 4942 1974 4992 et

1156 5026 1277 5088 Tobleri
1300 5040 1398 5088 notam
1420 5052 1449 5109 p.
1474 5035 1541 5090 100.

1221 5131 1293 5202 207)
1315 5130 1478 5206 requiescit]
1499 5129 1536 5190 V.
1557 5129 1651 5188 Ritter
1671 5127 1757 5191 XVI.
1782 5135 1871 5192 551:

360 4967 431 5036 202)
453 4985 548 5041 sopra
570 4963 687 5038 tactam]
711 4972 781 5021 sect.
805 4967 831 5022 7.

361 5082 433 5153 203)
455 5089 603 5156 utsupra
624 5081 713 5156 plane
735 5077 855 5156 scripto]
874 5077 899 5136 I.
924 5082 970 5137 19.
994 5083 1020 5137 5.

361 5198 432 5264 204)
447 5194 596 5272 fluentem]
625 5195 672 5254 De
701 5194 827 5275 planicie
849 5191 944 5252 Saron
971 5191 1116 5253 uberrima
1220 5231 1291 5296 203)
1314 5231 1410 5288 Rama
1438 5230 1528 5288 Iuda
1547 5261 1588 5271 -
1612 5227 1814 5304 expedpmpnp
1844 5227 1973 5288 Am,

297 5314 356 5353 11011
379 5303 424 5352 ⁰⁸⁸
445 5293 523 5373 1111οᾶ
544 5293 649 5354 dlfflm·
1156 5345 1236 5386 mero
1258 5327 1375 5407 quidem
1397 5348 1427 5407 p.
1453 5333 1524 5399 lor,
1546 5347 1564 5385 a
1585 5325 1776 5399 Wilbrando,
1796 5328 1878 5386 cuiae
1898 5327 1974 5388 liber

361 5413 433 5480 205)
455 5409 591 5486 Romam]
614 5430 671 5470 110·
691 5407 826 5468 3111111611·
1156 5426 1304 5486 mutilatus
1326 5436 1379 5498 est,
1401 5446 1460 5486 non
1484 5424 1663 5505 expedimur.

192 5596 198 5606 ι
358 5525 431 5596 200)
453 5524 518 5581 San
546 5525 633 5601 lorge
664 5527 699 5583 da
720 5523 854 5599 Ramale]
885 5521 969 5581 Hace
1001 5543 1038 5583 ex
1065 5523 1114 5583 de·
1217 5528 1288 5598 209)
1304 5524 1495 5601 Bettenobalel
1511 5544 1568 5584 ree.
1584 5524 1649 5583 Bait
1660 5545 1685 5583 s.
1698 5524 1754 5583 aa
1766 5523 1864 5598 Nuba,
1877 5524 1974 5587 Naba.

296 5623 427 5703 pravatis
455 5621 592 5681 librorum
624 5621 828 5701 scriptionibus
855 5622 997 5700 expiscati
1015 5643 1115 5684 sumus
1157 5622 1201 5685 cf.
1227 5626 1311 5683 Titan
1337 5626 1456 5683 Tables-r
1478 5623 1564 5684 dritta
1585 5621 1781 5703 Wandemng
1800 5644 1830 5704 p.
1855 5626 1923 5688 188.
