4214 6096
1088 358 1142 417 too

280 539 362 601 sicut
390 557 507 623 aquam
534 537 568 598 in
591 535 702 597 vinnm
732 543 951 614 conuerterat,
981 555 1099 619 aquam
1120 555 1189 597 mee
1210 533 1420 618 insipiditatis
1447 545 1479 597 et
1500 536 1726 602 indevoeionis
1752 544 1956 600 conuerteret

279 655 312 716 in
333 652 442 714 vinum
465 650 725 734 compunctionis
748 648 925 734 spiritualis
948 650 1086 733 saporis.

246 774 261 823 8
401 766 481 830 Inde
504 776 591 828 recto
614 786 712 828 cursu
732 765 880 827 venimus
902 764 1019 844 casale,
1042 763 1223 849 quindecim
1246 763 1386 829 miliaria
1407 764 1653 848 attenesaretn
1676 766 1762 852 quod
1784 778 1948 853 estsuper

245 902 367 946 amare
391 881 525 946 (talilee.
569 879 619 943 Ibi
649 881 681 942 in
711 879 867 942 descensu
900 882 1017 944 montis
1046 904 1142 966 super
1165 902 1255 943 marc
1277 882 1477 944 cantauimus
1500 883 1703 968 euangelium
1726 883 1767 947 de
1789 882 1855 947 illis
1875 880 1953 947 duo·

278 996 338 1061 bus
366 996 579 1074 demoniacis,
612 1018 691 1082 quos
714 994 862 1059 Christus
888 998 1015 1058 curauit
1040 995 1085 1059 ibi
1113 1019 1133 1059 a
1154 996 1280 1081 legione
1303 995 1490 1078 demonum,
1518 1021 1599 1084 quos
1622 997 1771 1063 Christus
1794 999 1956 1063 concessit

230 1124 260 1173 to
278 1113 402 1175 intrare
425 1113 456 1174 in
480 1134 605 1197 porcos.
649 1110 698 1175 lbi
720 1111 831 1195 rogaui
856 1110 1042 1189 Dominum,
1062 1110 1147 1196 quod
1167 1134 1218 1174 me
1239 1111 1280 1174 ab
1303 1112 1568 1177 infestacionibus
1590 1114 1753 1181 liberaret.

229 1235 257 1284 11
404 1227 481 1290 Inde
505 1227 729 1291 ‹lescenrlimus
752 1226 785 1288 in
808 1230 1009 1299 Bethsaidam,
1030 1229 1170 1311 quinque
1191 1227 1340 1301 miliaria,
1363 1229 1526 1291 ciuitatem
1548 1229 1679 1293 Andros
1700 1239 1733 1294 et
1752 1230 1858 1309 Petri,
1889 1250 1952 1313 que

229 1361 260 1410 12
279 1354 329 1407 est
356 1344 448 1406 iuxta
478 1366 566 1405 mare
590 1342 721 1406 (talilee.
766 1341 809 1404 Et
829 1343 975 1404 vonimus
1001 1345 1092 1406 iusta
1115 1365 1221 1421 mare,
1251 1353 1282 1405 et
1309 1346 1510 1407 comunimus
1533 1344 1578 1408 ibi
1601 1344 1804 1430 euangelium
1816 1346 1839 1421 ἲ)
1862 1349 1951 1419 „Am

231 1473 260 1523 1³
279 1464 384 1520 botuns
414 1464 518 1520 Ihcsas
546 1463 629 1518 tuum
658 1482 740 1518 rurore
772 1460 910 1518 Gattteef‘
954 1458 1002 1521 lbi
1031 1460 1144 1543 rogaui
1174 1458 1352 1533 Christum,
1387 1470 1421 1522 vt
1448 1481 1498 1522 me
1528 1460 1571 1523 ad
1600 1483 1690 1524 suum
1719 1459 1950 1545 discipulatum

285 1584 415 1638 vocaret
436 1585 465 1636 ct
489 1572 607 1636 laceret
629 1574 823 1658 piscatorem
844 1572 1017 1635 hominum.

233 1694 263 1744 ¹⁴1
406 1690 484 1753 lnde
506 1688 710 1753 ascendimus
732 1690 796 1751 tria
818 1688 956 1751 miliaria
978 1687 1020 1750 ad
1041 1702 1190 1766 montem,
1213 1691 1268 1775 qui
1291 1701 1338 1753 est
1361 1714 1462 1775 supra
1484 1713 1572 1754 mare
1595 1689 1737 1770 Galilee,
1759 1689 1816 1753 vbi
1838 1690 1953 1754 Domi-

235 1828 263 1876 15
281 1829 341 1869 nus
373 1805 488 1869 sedens
516 1828 696 1867 sermonem
724 1804 765 1868 ad
799 1801 974 1887 discipulos
1003 1805 1086 1866 l'ccit.
1131 1805 1172 1868 Et
1202 1807 1400 1869 cantauirnus
1432 1806 1636 1892 euangelium
1648 1806 1670 1883 8)
1690 1810 1825 1879 „Videas
1846 1810 1953 1867 [hesua

234 1940 263 1989 15
282 1926 385 1982 turbas·
403 1926 537 1982 ascendit
560 1926 589 1980 in
610 1929 758 1981 rrrontem.“
802 1920 851 1983 lbi
875 1921 987 2002 rogaui
1010 1920 1203 2002 Dominum,
1234 1922 1320 2009 quod
1351 1945 1400 1983 me
1423 1922 1564 1985 totaliter
1587 1944 1606 1984 a
1629 1920 1791 1986 desiderio
1809 1931 1952 1985 terreno-

281 2061 350 2101 rum
372 2037 494 2101 leuarct
518 2048 547 2099 et
568 2048 707 2099 mentem
729 2059 832 2099 nicam
855 2035 896 2099 ad
919 2034 1049 2099 celestia
1070 2035 1202 2101 leuaret.

233 2157 262 2206 17
403 2153 484 2217 lude
508 2152 711 2215 ascendimus
740 2151 785 2214 ibi
808 2175 909 2236 prope
931 2151 973 2214 ad
996 2164 1149 2233 montem,
1177 2151 1231 2214 vbi
1252 2152 1413 2217 Dominus
1443 2153 1519 2216 fecit
1542 2154 1726 2217 conuiuium
1746 2152 1787 2217 de
1809 2153 1953 2237 quinque

233 2290 263 2340 la
281 2268 420 2356 panibus
442 2270 618 2332 ordeaccis.
661 2267 703 2330 Et
726 2270 925 2330 cantauimas
957 2268 1158 2353 cerrangelium
1181 2281 1211 2331 ct.
1234 2268 1487 2354 predicauimus‚
1519 2281 1547 2331 ct
1582 2279 1696 2353 postca
1718 2267 1870 2333 sedentes
1892 2288 1951 2354 per

281 2387 428 2452 ordinem
451 2409 549 2472 super
572 2384 704 2448 herbam
727 2396 757 2446 ct
779 2386 886 2447 lenum
907 2384 1062 2469 fregimus
1085 2408 1198 2470 panem
1225 2396 1255 2447 et
1278 2384 1543 2448 mamlucauinms
1566 2406 1675 2447 omnes
1698 2406 1770 2447 cum
1791 2383 1901 2448 leticia
1922 2392 1955 2449 et

280 2505 430 2568 lacrimis.

233 2641 262 2689 19
406 2618 453 2682 lbi
478 2640 580 2703 prope
603 2627 739 2700 quatuor
762 2614 902 2678 miliaria
925 2630 972 2679 cst
994 2619 1134 2680 cisterna
1157 2628 1258 2697 vetus,
1282 2619 1314 2678 in
1337 2638 1432 2700 quana
1455 2616 1659 2699 proiecerunt
1680 2615 1806 2702 Ioseph.

231 2738 263 2790 ²0
409 2735 456 2798 lbi
480 2736 581 2796 eciam
603 2752 706 2817 prope
728 2741 775 2792 est
798 2740 937 2795 castrum
961 2736 1082 2812 Saphar,
1106 2730 1206 2795 clauis
1229 2734 1330 2795 tucius
1354 2731 1487 2795 Grdilee.

231 2868 260 2918 tl
403 2850 484 2914 Inde
507 2845 731 2911 descendimus
754 2848 786 2908 in
814 2849 1028 2926 t'nphmuuum
1051 2861 1080 2910 et
1103 2852 1249 2910 venimus
1273 2847 1315 2910 ad
1337 2848 1450 2928 locum,
1473 2848 1527 2910 vbi
1552 2847 1716 2931 leprosum
1734 2847 1862 2910 curauit
1882 2845 1951 2910 Do·

231 2989 263 3039 22
281 2970 437 3046 minusl),
466 2980 494 3028 et
519 2975 631 3048 postea
655 2960 696 3024 ad
716 2962 836 3042 locum,
864 2962 920 3025 vbi
943 2961 1056 3026 beatus
1077 2962 1227 3026 hlatheus
1250 2962 1292 3026 ad
1315 2963 1514 3027 theoloneum
1537 2963 1660 3047 accepit
1682 2962 1866 3049 vectigalia.
1907 2961 1953 3027 Et

283 3085 486 3149 centenimus
509 3090 541 3142 ct
563 3076 800 3164 predicauimus
822 3079 1024 3163 euangelimn
1047 3079 1087 3142 de
1109 3080 1283 3142 vocacione
1305 3078 1434 3142 lllathci.

232 3192 263 3242 23

231 3260 263 3310 ,4
407 3213 485 3276 Indo
506 3213 685 3294 regirantcs
707 3211 799 3272 iuxta
821 3233 910 3273 mare
932 3210 1056 3273 (lalilce
1079 3213 1223 3274 venimus
1245 3210 1287 3273 ad
1310 3216 1399 3271 luerem
1424 3214 1529 3285 relide,
1551 3209 1614 3274 duo
1637 3209 1783 3274 miliaria.
1817 3208 1890 3289 Que
1905 3220 1954 3275 est

282 3333 373 3395 iuxta
393 3329 624 3413 Capharnaum
654 3335 685 3387 ct
707 3324 915 3389 Bethsaidam
946 3328 978 3388 in
1006 3325 1092 3400 loco,
1121 3325 1174 3389 vbi
1200 3326 1358 3389 Dominus
1386 3342 1456 3410 post
1483 3327 1750 3389 resurrectionem
1780 3348 1873 3390 suam
1896 3348 1953 3413 ap·

232 3468 263 3516 25
282 3447 390 3533 paruit
409 3442 593 3528 discipulis,
618 3456 709 3504 sums
730 3444 762 3503 in
784 3441 897 3521 litore,
928 3454 958 3504 ct
981 3443 1106 3505 voeauit
1130 3440 1169 3503 de
1192 3442 1290 3522 mari,
1321 3457 1350 3503 et
1373 3443 1523 3505 inuitauit
1543 3464 1597 3505 eos
1622 3440 1662 3503 ad
1686 3440 1867 3526 prandium.
1909 3442 1954 3507 Et

282 3562 482 3626 cantauimus
513 3572 543 3621 et
572 3557 810 3644 predicauimus
839 3557 1042 3640 euangelium
1050 3605 1058 3637 ,
1088 3570 1118 3618 et
1147 3556 1415 3620 inanducauinms
1437 3579 1546 3620 onmes
1570 3555 1625 3619 vbi
1648 3554 1858 3621 manducauit
1880 3580 1953 3623 cum

281 3679 327 3741 eis
348 3698 463 3762 panem
486 3686 517 3737 ct.
540 3675 670 3759 piscem.

231 3808 264 3859 ²6
363 3807 442 3871 lude
464 3808 644 3889 regirantes
667 3828 724 3869 sex
748 3805 888 3868 miliaria
909 3807 1000 3869 iuxta
1023 3828 1111 3870 mare
1135 3803 1260 3870 (halilec
1282 3827 1394 3868 versus
1416 3805 1626 3869 Bethsaidam
1647 3818 1677 3868 et
1697 3804 1899 3871 Genesarcth
1914 3809 1953 3885 ¹⁰)

232 3932 263 3982 27
282 3924 426 3987 veninms
456 3921 498 3985 ad
526 3929 713 4002 tlaqdalum,
750 3921 915 3985 castellum
943 3920 1046 3985 llario
1073 3921 1283 4005 lllagdalene,
1326 3923 1417 3984 iuxta
1450 3934 1600 4005 stagnum
1627 3919 1837 3985 Genesaretln
1887 3922 1954 3987 Vbi

282 4039 393 4103 flentes
425 4050 455 4101 et
473 4036 629 4100 eiulantes
651 4060 710 4122 pro
734 4060 785 4117 eo,
818 4038 904 4124 quod
927 4039 1106 4101 inuenimus
1128 4037 1295 4101 eeclesiam
1320 4036 1487 4121 pulchram
1511 4049 1542 4099 et.
1563 4060 1626 4101 non
1649 4036 1862 4119 destructam,
1896 4037 1955 4103 sed

281 4153 459 4219 tabulatam
476 4154 529 4231 ¹¹³,
552 4154 633 4219 et¹'²‘.÷
656 4152 701 4215 ibi
725 4156 926 4218 cantauimus
949 4168 978 4216 ct
1003 4154 1241 4239 predicauirnus
1264 4151 1467 4236 (euangelium
1490 4152 1692 4237 Magdalcne.

231 4256 264 4375 {g
405 4284 483 4349 lnde
503 4286 668 4347 venientes
689 4286 781 4348 iuxta
807 4309 894 4349 utare
911 4285 1096 4349 Tiberiadis
1119 4288 1265 4349 venimus
1286 4285 1425 4368 ‹priuque
1447 4284 1587 4348 miliaria
1605 4288 1794 4348 Tiberiadem.
1838 4284 1884 4350 Et
1904 4287 1952 4350 in-

254 4463 258 4471 ,
281 4403 445 4467 uenientes
468 4399 513 4463 ibi
536 4398 636 4462 multa
657 4402 856 4465 irremorialia
883 4402 982 4485 digna
1004 4405 1087 4464 inter
1110 4401 1173 4465 alia
1197 4401 1255 4464 hcc
1278 4404 1393 4475 notaui,
1416 4400 1501 4484 quod
1525 4402 1556 4462 in
1579 4402 1658 4462 mari
1673 4400 1859 4465 Tiberiadis
1884 4411 1953 4466 tota

282 4540 367 4603 aqua
393 4531 424 4579 ct
453 4518 483 4579 in
510 4517 595 4580 omni
624 4514 694 4579 loco
717 4515 904 4579 dulcissima
926 4530 974 4579 est.
996 4533 1025 4579 et
1049 4519 1242 4581 suauissima
1264 4516 1305 4579 ad
1328 4516 1521 4600 patrandum,
1558 4539 1628 4578 cunr
1657 4518 1817 4580 tamenin
1841 4516 1950 4581 multis

282 4632 429 4722 partibus
452 4634 571 4696 intrent
592 4632 625 4693 in
648 4653 684 4693 co
708 4656 789 4715 aque
810 4634 942 4695 letantes
968 4647 996 4696 et
1023 4634 1194 4720 sulplunee
1218 4646 1247 4695 ot
1272 4634 1483 4694 arnarissime.

231 4761 263 4809 ³⁰
405 4763 484 4829 lude
511 4787 587 4828 vero
616 4762 825 4826 ascendentes
859 4765 890 4826 in
922 4780 1062 4829 montem
1095 4767 1210 4845 altum,
1243 4780 1274 4826 vt
1305 4766 1487 4827 veniremus
1522 4763 1564 4826 ad
1591 4762 1783 4827 altissimum
1811 4776 1953 4830 montem

283 4881 425 4961 Thabor,
446 4881 556 4944 deceni
580 4879 728 4959 miliaria,
752 4882 895 4942 venimus
917 4883 949 4943 in
974 4887 1154 4955 Balentium,
1178 4881 1346 4967 parmdarn
1369 4881 1532 4943 ciuitatem
1554 4878 1673 4959 luditlr,
1697 4902 1794 4942 unum
1816 4878 1952 4973 miliare.

231 5005 261 5054 sl
281 4996 333 5059 Ad
356 4996 471 5081 pedem
494 4996 636 5059 ciuitatis
659 4996 837 5081 quicuinms
867 4995 907 5057 ad
929 4996 1064 5071 iontem,
1099 4997 1141 5060 ad
1169 5021 1262 5083 quern
1285 4998 1373 5060 ludci
1403 4996 1526 5060 obsessi
1556 4995 1597 5059 ab
1620 4993 1797 5058 llolofcrne
1819 4994 1955 5061 exibant

282 5111 323 5175 ad
346 5112 597 5175 refocillandum.

346 5334 360 5386 7
366 5350 374 5400 )
397 5327 497 5386 Matth.
520 5329 573 5399 1V,
599 5334 645 5390 18-
1204 5336 1251 5401 ld)
1276 5330 1467 5406 Gerresoreth]
1491 5330 1531 5387 Et
1552 5350 1604 5408 pro
1620 5329 1683 5401 hoc,
1704 5338 1733 5387 et
1746 5349 1798 5407 pro
1812 5338 1955 5409 sequente

342 5481 366 5538 8,
392 5476 421 5533 Μ
445 5477 477 5533 Μ
519 5478 543 5533 V
580 5485 591 5537 ¹
1139 5430 1255 5487 nominc
1277 5426 1350 5488 Cod.
1372 5428 1408 5490 G.
1431 5429 1522 5489 habet
1546 5428 1689 5487 Genesar.

361 5492 372 5551 l
425 5496 442 5533 a
478 5498 495 5535 ι’
547 5522 553 5548 ’
597 5526 603 5538 ”
1205 5532 1251 5599 ll)
1274 5529 1445 5603 tabulatam]
1467 5527 1540 5587 Cod.
1563 5526 1598 5585 G.
1621 5525 1712 5586 habet
1731 5527 1920 5586 stabuletum.

343 5634 373 5696 9,-
397 5627 540 5682 Douriaus
564 5648 618 5684 ons
641 5628 704 5687 cod.
729 5628 763 5688 G.
1207 5631 1253 5697 lt)
1278 5624 1393 5705 Copula
1416 5645 1635 5703 supervacanea
1658 5635 1708 5685 ast.

210 5710 298 5728 *
