4214 6096
967 386 1018 445 131
1043 350 1046 355 ’

162 566 272 623 autem
291 558 529 646 archiepiscopi
549 571 580 624 et
602 564 747 650 episcopi
770 574 870 629 semet
895 565 985 649 ipsos
1014 563 1196 627 adinuieem
1223 571 1395 646 arguentes
1423 561 1464 625 de
1488 562 1620 626 silencio
1644 571 1731 624 tante
1754 583 1827 625 oon·

160 672 296 738 fusionis
319 684 351 738 et
370 676 477 760 ipsum
499 678 720 761 patriarcham
739 679 848 744 verbis
868 680 1057 763 asperrimis
1076 680 1280 763 increpantes
1299 689 1330 739 et
1351 677 1626 763 improperantes,
1650 676 1736 761 quod
1759 687 1828 740 erat

161 789 309 853 Francus
330 799 363 853 et
382 789 591 856 aduersarius
613 793 770 877 Nestorii,
800 797 1002 859 iaetaucrunt
1024 816 1075 875 se,
1104 791 1190 879 quod
1213 803 1344 877 possent
1370 813 1428 855 nos
1452 791 1675 878 disputacione
1697 791 1828 877 publiea

161 926 326 990 superare.
369 906 413 969 Et
434 909 605 972 commissa
626 912 837 995 responsione
859 911 987 975 cuidam
1010 908 1264 994 archiepiscopo,
1287 929 1359 969 cum
1381 917 1489 970 autem
1504 909 1560 983 119)
1583 909 1828 971 conuenircmus
1847 922 1878 970 ⁶30

161 1017 284 1085 in-loco
308 1023 468 1085 communi
476 1071 485 1102 ,
507 1021 563 1085 vbi
585 1036 677 1088 erant
699 1026 937 1112 archiepiscopi
959 1035 990 1088 et
1010 1025 1154 1109 episcopi
1176 1032 1207 1085 et
1229 1021 1285 1085 alii
1308 1020 1530 1106 quamplures,
1557 1022 1700 1086 totaliter
1722 1024 1830 1108 priua-

162 1136 210 1199 uit
230 1156 286 1200 eos
305 1134 466 1201 Dominus
488 1141 714 1224 responsione,
741 1143 787 1205 ita
802 1141 894 1228 tquod
916 1164 979 1204 non
1002 1140 1105 1203 solum
1128 1137 1346 1222 respondens,
1377 1135 1434 1199 sed
1457 1159 1584 1218 omnes,
1608 1140 1662 1223 qui
1684 1138 1830 1217 aderant,

162 1260 363 1315 verterentur
389 1253 422 1314 in
453 1251 703 1319 admiraciouem
731 1265 762 1319 et
796 1267 970 1342 stuporem.
1020 1256 1102 1321 Cum
1131 1263 1237 1317 autem
1266 1252 1403 1336 turpiter
1433 1260 1464 1313 et
1493 1252 1635 1315 totaliter
1659 1253 1831 1317 deficerent
1848 1270 1877 1319 sl

161 1387 226 1429 non
247 1364 349 1431 solum
372 1369 405 1430 in
425 1368 661 1454 respondendo,
685 1370 741 1434 sed
764 1374 866 1435 eciam
890 1375 921 1435 in
945 1370 1117 1458 querendo,
1137 1370 1215 1432 facti
1237 1378 1310 1430 sunt
1332 1369 1377 1430 ita
1397 1366 1601 1431 formidolosi
1623 1369 1654 1430 in
1671 1368 1829 1452 loquendo

164 1479 343 1563 nobiscum,
365 1482 453 1567 quod
475 1506 539 1548 non
562 1485 725 1550 audebant
745 1509 934 1573 comparere
955 1509 1064 1551 coram
1086 1483 1201 1550 nobis'
1232 1482 1345 1546 Plures
1370 1492 1476 1545 autem
1498 1505 1539 1545 ex
1561 1486 1617 1564 cis,
1641 1496 1670 1547 et
1691 1486 1831 1548 maxime
1849 1491 1880 1543 82

162 1597 302 1661 maiores
325 1608 356 1661 et
377 1600 481 1682 magis
503 1600 733 1686 intelligentes,
767 1603 928 1685 videntes,
958 1601 1041 1687 quod
1070 1623 1180 1664 eorum
1200 1597 1369 1684 perfidiam
1392 1620 1457 1659 non
1486 1609 1638 1682 poterant
1659 1599 1831 1663 defendere

162 1732 221 1775 nec
248 1723 393 1777 nostram
421 1714 517 1778 fidem
539 1716 721 1800 aliqualiter
743 1720 955 1805 impugnare,
990 1717 1159 1781 dixerunt:
1189 1714 1426 1795 „Confitemur,
1458 1715 1533 1798 quia
1558 1713 1616 1777 hee
1642 1726 1690 1778 est
1712 1716 1831 1778 veritas

160 1826 247 1908 fidei,
269 1850 365 1915 quam
387 1829 577 1914 medicatis,
607 1832 663 1895 sed
691 1856 754 1897 non
776 1834 929 1898 audemus
953 1833 1026 1896 aliis
1048 1831 1157 1894 dicere
1179 1829 1321 1914 publice,
1350 1850 1390 1891 ne
1422 1827 1463 1891 ab
1487 1852 1596 1892 eorum
1620 1831 1830 1894 contubernio

164 1942 389 2028 repellamur.“
432 1946 624 2011 Dilexernnt
654 1950 737 2012 enim
768 1951 872 2034 magis
900 1949 1036 2032 gloriani
1065 1947 1228 2010 hominum
1262 1967 1357 2031 quam
1385 1944 1456 2007 Dei.
1507 1945 1698 2009 Patriarsha
1728 1948 1830 2009 eciam
1849 1926 1881 2042 {2

163 2069 277 2122 eontm
299 2060 496 2125 voluntatem
519 2065 743 2149 episcoporum
767 2065 939 2144 ordinauit,
962 2064 1047 2150 quod
1071 2066 1101 2126 in
1125 2084 1234 2126 corum
1258 2060 1337 2124 locis
1358 2059 1491 2123 verbnm
1514 2062 1577 2124 Dei
1602 2061 1702 2124 libere
1725 2061 1831 2146 predi·

161 2194 324 2254 caremus,
356 2188 388 2240 et
410 2179 456 2241 ita
477 2180 668 2266 inceperunt
688 2179 800 2244 audire
823 2180 917 2243 etad
938 2179 1034 2243 tidem
1056 2178 1180 2258 redire,
1209 2187 1241 2241 ct
1270 2177 1435 2239 venientes
1464 2186 1597 2260 peccata
1620 2200 1679 2240 sua
1702 2177 1831 2241 eontite-

162 2288 288 2354 bantur.

745 2458 839 2523 XXI.
882 2457 944 2522 DE
967 2454 1251 2522 SARRACENIS.

283 2606 322 2669 In
343 2604 455 2669 eadem
479 2607 624 2687 ciuitate,
654 2607 942 2688 scilicetBaldaco,
964 2609 1024 2671 fuit
1044 2606 1137 2670 sedes
1161 2620 1191 2669 et
1212 2606 1435 2692 principalitas
1462 2610 1715 2672 Sarracenorum
1732 2614 1860 2694 quan-l

161 2730 228 2785 turn
256 2719 299 2783 ad
328 2720 467 2784 studium
495 2733 526 2784 et
555 2721 742 2806 religionem
771 2734 801 2785 et
830 2736 984 2809 quantum
1014 2723 1055 2786 ad
1087 2722 1271 2786 dominium.
1321 2722 1370 2785 lbi
1401 2724 1503 2785 eciam
1533 2723 1692 2807 regnabat
1714 2723 1865 2805 Calila,2

162 2835 247 2920 quod
268 2837 499 2922 interpretatur
520 2859 685 2902 successor
707 2838 912 2903 Machometi.
955 2839 1000 2903 Et
1020 2839 1131 2903 dicunt
1155 2840 1336 2918 Sarraceni,
1358 2838 1443 2924 quod
1467 2841 1538 2924 ipse
1561 2848 1630 2901 crat
1652 2840 1752 2902 facies
1766 2839 1830 2902 Dei
1850 2856 1864 2903 3

161 2952 194 3015 in
215 2964 311 3016 terra.
354 2950 457 3032 Quem
480 2952 618 3018 Calilarn
640 2953 772 3017 Tartari
794 2955 990 3036 oeciderunt,
1014 2969 1048 3019 vt
1069 2956 1217 3039 superius
1242 2955 1357 3039 patuit.
1849 2967 1864 3014 4

284 3068 321 3132 ln
343 3070 416 3154 ipsa
438 3070 567 3155 quidem
590 3071 720 3134 ciuitate
728 3119 737 3152 ,
769 3070 843 3134 licet
871 3073 912 3133 sit
934 3093 993 3156 pro
1021 3072 1136 3134 maiori
1167 3080 1260 3154 parte
1282 3068 1461 3149 destructa,
1489 3080 1665 3132 esttamen
1686 3073 1864 3134 maximae

162 3182 331 3248 multitudo
358 3183 469 3269 populi
495 3187 528 3248 in
555 3208 602 3248 ea.
645 3186 728 3249 Nam
759 3197 867 3271 preter
889 3187 1092 3253 Christianos
1123 3200 1154 3249 et
1174 3185 1309 3266 Iudaea,
1343 3188 1398 3269 qui
1426 3196 1499 3248 sunt
1528 3183 1573 3247 ibi
1602 3184 1703 3249 multa
1732 3185 1864 3267 milia,6

162 3309 236 3363 sunt
261 3298 307 3363 ibi
328 3299 574 3365 vltraducenta
596 3300 684 3364 milia
706 3304 973 3384 Sarracenorum,
1005 3316 1040 3367 vt
1068 3301 1279 3388 probabiliter
1311 3301 1470 3381 creditur,
1497 3323 1607 3365 onmes
1627 3312 1735 3364 tamen
1758 3316 1831 3365 sunt

161 3413 221 3478 sub
243 3413 386 3479 dominio
410 3415 633 3481 Tartarorunr.

260 3530 335 3594 ·lbi
358 3530 530 3595 Sarraccni
563 3532 681 3596 habent
710 3535 853 3596 maxima
880 3534 986 3597 studia
1012 3545 1043 3598 et
1069 3555 1205 3617 magnus
1234 3533 1422 3616 magistros,
1451 3545 1482 3595 ct
1514 3543 1589 3594 sunt
1615 3533 1661 3596 ibi
1688 3532 1865 3617 religiosi?

162 3666 282 3728 eorum,
305 3658 337 3710 et
356 3648 502 3732 ipsorum
525 3648 651 3711 diuersa
675 3661 761 3712 secte
782 3648 828 3712 ibi
851 3652 1054 3713 conueniunt.

283 3760 408 3825 Ibidem
427 3774 501 3826 sunt
522 3765 719 3827 monasteria
741 3763 870 3829 illorum
893 3765 1166 3844 Sarracenorurn,
1191 3766 1245 3848 qui
1268 3762 1472 3848 appellantur
1491 3767 1651 3841 Megirede,
1675 3765 1762 3849 quod
1784 3765 1830 3827 in·
1849 3778 1864 3826 8

161 3887 357 3964 terpretatur
383 3879 638 3964 contemplantes
653 3882 718 3955 ¹⁸⁰).
760 3880 827 3944 Nos
855 3882 953 3965 igitur
986 3903 1059 3944 cum
1089 3878 1347 3943 desideraremus
1377 3901 1535 3942 euacuare
1561 3877 1730 3964 perfidiam
1759 3878 1865 3943 Ma·9

163 3992 316 4075 ehometi,
345 3993 546 4057 intendentes
570 4018 623 4058 eos
646 3994 782 4079 aggredi
804 3997 837 4058 in
856 4019 914 4060 sua
935 3996 1011 4060 sede
1033 3996 1118 4060 etin
1140 3995 1209 4059 loco
1231 3993 1392 4079 generalis
1414 3993 1529 4074 studii,
1558 4016 1690 4059 neeesse
1717 3994 1831 4060 habui·

162 4131 233 4174 mus
260 4107 493 4195 aliquantulum
521 4112 706 4174 conuersari
733 4113 883 4175 cumeis.
924 4112 994 4198 lpsi
1021 4134 1098 4176 vero
1127 4109 1329 4196 recipiebant
1355 4132 1413 4173 nos
1444 4110 1525 4172 sicut
1553 4110 1687 4194 angelos
1710 4112 1775 4177 Dei
1798 4116 1830 4177 in
1852 4128 1882 4178 10

161 4226 229 4290 suis
258 4224 353 4290 scolis
386 4235 417 4287 et
448 4225 562 4288 studiis
586 4238 616 4289 et
639 4229 843 4291 monasteriis
866 4240 898 4292 ct
920 4230 951 4291 in
973 4228 1117 4292 eeclesiis
1141 4249 1196 4290 seu
1223 4226 1399 4310 synagogis
1423 4238 1454 4288 et
1475 4226 1624 4290 domibus
1644 4250 1774 4303 corum,
1802 4241 1833 4294 et

159 4340 353 4405 attendimus
375 4339 545 4426 diligenter
568 4340 671 4426 legem
695 4366 805 4407 corum
829 4354 860 4407 et
883 4367 982 4429 opera
1005 4355 1035 4407 et
1055 4343 1296 4427 obstupuimus,
1321 4341 1480 4426 quomodo
1502 4344 1534 4405 in
1556 4341 1626 4427 lege
1651 4355 1738 4407 tante
1761 4369 1832 4431 per·

158 4455 235 4521 fidie
255 4467 405 4543 poterant
426 4480 524 4542 opera
546 4471 635 4521 tante
658 4460 865 4543 perfectionis
887 4461 1035 4524 inueniri.

403 4655 509 4718 XXII.
552 4655 614 4727 ΗΕ
638 4656 856 4720 OPERlBUS
879 4657 1203 4724 l’ERFEc'llun'ls
1224 4654 1595 4720 sAIcRACENuaUM.

283 4803 472 4868 Referemus
501 4806 599 4887 igitur
629 4806 682 4869 hic
707 4805 849 4869 breuiter
872 4807 1007 4891 quedam
1032 4829 1132 4892 opera
1154 4806 1361 4892 perfectionis
1384 4804 1637 4868 Sarracenorunr
1659 4810 1763 4890 inagis
1787 4809 1828 4873 ad
1851 4823 1859 4870 1

159 4921 378 4985 confusionem
403 4919 678 5000 Christianorum,
709 4944 804 5005 ‹puam
833 4921 875 4985 ad
906 4923 1219 4986 commendacionem
1243 4922 1506 4984 sarracenorum.
1551 4917 1633 4996 Quis
1661 4924 1746 4985 eninr
1767 4936 1864 4989 nont

160 5034 383 5122 obstupescat,
412 5039 439 5100 si
461 5035 633 5120 diligenter
656 5035 850 5117 consideret,
885 5049 1004 5124 quanta
1025 5049 1073 5100 est
1095 5039 1176 5122 ipsis
1198 5037 1386 5100 sarracenis
1409 5033 1590 5099 sollicitudo
1613 5035 1656 5098 ad
1678 5038 1829 5119 studium,

160 5151 294 5217 deuocio
316 5154 351 5216 in
373 5154 536 5225 oracione,
568 5151 792 5214 misericordia
812 5153 854 5216 ad
875 5175 1052 5238 pauperes,
1084 5154 1271 5216 reuercncia
1299 5150 1342 5214 ad
1373 5172 1490 5214 nomen
1512 5148 1576 5211 Dei
1600 5160 1630 5212 et
1653 5153 1829 5238 prophetas

160 5276 192 5333 et
217 5266 289 5333 loca
316 5279 445 5348 sancta,
479 5269 637 5354 gratuitas
664 5268 697 5329 in
728 5266 888 5348 moribus,
924 5267 1098 5332 affabilitas
1126 5267 1168 5331 ad
1201 5278 1389 5346 extraneos,
1420 5263 1596 5329 concordia
1619 5278 1650 5329 et
1672 5290 1763 5333 amor
1786 5268 1828 5333 ad

160 5406 246 5467 auos,
268 5393 309 5467 et,
330 5393 367 5447 vt
388 5383 488 5447 multa
509 5385 621 5470 paucis
645 5381 753 5445 verbis
776 5383 1043 5468 comprehendam
1063 5388 1128 5460 ¹⁸¹).

224 5558 293 5625 179)
315 5551 388 5611 Voc.
411 5561 506 5609 autern
528 5570 740 5629 supervacuum
763 5562 816 5609 cst.
1087 5555 1151 5624 181)
1175 5551 1240 5608 Hoc
1258 5550 1322 5609 loco
1344 5549 1449 5607 desunt
1468 5549 1622 5627 quaedam.

227 5654 297 5724 180)
318 5654 525 5725 connumerati
546 5654 591 5708 vel
612 5649 828 5724 contemplativa
851 5648 886 5708 G.

1571 5765 1578 5811 l
1586 5765 1598 5810 l
1607 5759 1618 5785 *
