4214 6096
944 335 983 397 87

130 512 268 577 hominis
291 522 323 576 et
337 513 431 576 annis
446 511 583 597 siugulis
599 512 807 591 seminantur,
830 509 915 574 foliis
928 511 1006 575 vitis
1022 508 1191 591 similibus,
1214 510 1423 587 minoribus³)
1440 523 1557 576 tamen.
1593 510 1637 574 Et
1651 522 1799 576 crescunt

128 627 266 693 folliculi
286 628 429 716 quidam,
453 627 625 712 inquibus
647 639 695 690 est
717 626 800 690 lana.
845 626 916 707 Quo
938 626 1102 712 colligitur
1124 629 1211 691 circa
1232 626 1351 690 festum
1376 629 1478 690 sancti
1499 627 1679 691 Michaelis.

256 747 358 807 Canac
380 749 473 805 uzellis
496 743 643 807 similiter
666 753 813 807 crescunt
833 742 889 824 ibi,
912 766 974 829 que
995 753 1068 806 suut
1083 741 1236 811 similest>
1252 743 1364 806 cannis
1380 743 1609 821 communibus,
1634 742 1691 806 scd
1704 745 1803 807 maio·

128 882 190 927 res.
233 862 372 926 Interius
393 870 468 923 sunt
489 882 578 941 caue,
599 859 655 923 sed
676 858 770 945 plene
795 857 936 944 tqttaadam
958 881 1079 944 perosa
1101 859 1303 938 substancia,
1332 881 1392 943 que
1415 872 1464 922 ast
1486 858 1644 944 disposita
1665 862 1749 923 sicut
1769 859 1806 923 il·

128 975 201 1058 lud,
232 975 318 1062 quod
340 976 386 1041 ibi
408 977 571 1039 inuenitur
593 978 626 1040 in
649 977 750 1057 uirgis
774 974 969 1053 sambuca).
1011 974 1056 1038 Et
1083 986 1131 1039 cst
1152 973 1286 1038 humida
1308 973 1495 1038 substancia
1515 973 1571 1036 illa
1593 974 1697 1039 ualde.
1740 976 1806 1039 Iste

131 1114 233 1157 caune
262 1091 394 1157 collecte
422 1091 608 1156 inciduntur
637 1091 679 1154 ad
709 1090 942 1175 longitudinem
972 1090 1078 1176 palme
1104 1090 1252 1169 dimidie,
1282 1092 1379 1153 etsie
1403 1091 1627 1176 exprimuntur
1651 1091 1684 1153 in
1705 1090 1807 1176 prelo.

131 1208 228 1293 Aqua
255 1208 330 1272 inde
359 1231 518 1294 expressa
550 1208 698 1293 coquitur
733 1209 766 1270 in
788 1206 941 1270 caldariis
963 1209 1069 1289 eneis,
1102 1219 1132 1270 st
1155 1208 1332 1292 inspissata
1355 1206 1514 1291 colligitur
1536 1208 1570 1270 in
1592 1206 1739 1292 cophinis
1750 1208 1808 1284 l³³)

132 1323 172 1387 da
193 1323 365 1389 subtilibus
388 1324 564 1388 uiminibus
585 1324 756 1386 contextis.
800 1322 896 1401 Quod
918 1321 1074 1408 paulatim
1096 1334 1210 1408 postea
1235 1326 1417 1387 exsiccatur
1439 1335 1469 1387 et
1492 1323 1662 1386 indtuatur
1674 1372 1683 1404 ,
1706 1337 1738 1387 ct
1760 1324 1807 1388 sic

130 1439 267 1504 efficitur
290 1445 450 1518 aucarad).
492 1438 640 1503 Distillat
661 1448 779 1519 taurea,
801 1439 992 1524 priusquam
1014 1438 1191 1520 induretur,
1214 1438 1255 1503 de
1277 1440 1358 1525 ipsis
1380 1438 1485 1525 liquor
1507 1438 1648 1524 quidam,
1671 1442 1727 1523 qui
1744 1439 1807 1503 mel

131 1577 249 1619 zucarc
270 1554 397 1637 dicitttr,
421 1556 577 1620 delicatus
599 1553 695 1618 ualde
717 1564 749 1618 et
770 1566 865 1641 aptus
889 1554 1021 1618 cibariis
1044 1554 1241 1619 condiendis.
1283 1555 1351 1618 Istc
1382 1557 1515 1641 insuper
1537 1578 1640 1618 canno
1662 1554 1807 1619 incidun-

131 1674 237 1736 turin
258 1670 460 1757 longitudino
482 1673 576 1735 unius
598 1671 707 1756 digiti,
735 1673 781 1735 ita
803 1683 926 1752 tamen,
957 1670 1043 1758 quod
1071 1673 1131 1735 iste
1160 1670 1317 1756 particule-
1349 1694 1476 1756 sempor
1497 1673 1531 1735 in
1552 1670 1658 1735 medio
1683 1673 1731 1735 sui
1753 1694 1808 1736 ao-

132 1788 209 1853 dum
230 1788 380 1869 habeant,
402 1790 477 1872 quia
499 1787 609 1873 plures
631 1799 704 1853 sunt
727 1792 760 1851 in
784 1810 888 1852 canna
910 1810 981 1851 una.
1024 1789 1090 1852 Iste
1113 1787 1271 1873 particule
1295 1786 1520 1850 subterrautur
1542 1801 1686 1873 tempore
1707 1810 1808 1852 uerno

131 1904 271 1969 in‘locis
299 1903 458 1983 humidis,
491 1913 522 1966 et
547 1906 629 1990 ipsis
657 1904 825 1990 particulis
848 1914 996 1968 crescunt
1016 1926 1101 1968 noua
1123 1927 1241 1984 canna,
1274 1906 1376 1967 itaut
1399 1903 1438 1966 de
1462 1903 1598 1988 singulis
1621 1902 1718 1981 duo‘³)
1741 1927 1807 1967 cre·

134 2034 226 2085 scant
248 2036 384 2106 utraque
407 2031 500 2105 parte
523 2019 601 2084 nodi
623 2020 699 2084 hinc
721 2019 816 2101 inde,
839 2030 870 2083 ct
893 2021 938 2082 sic
961 2019 1157 2105 plantantur.

257 2136 446 2217 Sciendum,
479 2135 563 2219 quod
591 2137 624 2198 in
654 2148 741 2200 terra
770 2139 834 2198 ista
860 2158 924 2199 non
950 2137 1156 2199 inuenitmtur
1178 2137 1250 2221 pira
1280 2135 1330 2198 uel
1353 2134 1521 2221 pontauel
1545 2157 1655 2198 cerasa
1681 2135 1732 2198 uel
1753 2140 1841 2199 nu-3

132 2274 206 2335 ces,
232 2255 315 2317 sicut
343 2254 377 2316 in
407 2251 556 2338 partibus
586 2252 830 2332 transmarinis,
863 2253 925 2315 nisi
956 2252 1051 2316 ualde
1079 2275 1162 2317 raro.
1206 2251 1271 2316 Sed
1297 2251 1336 2314 de
1359 2252 1524 2315 Damasco
1555 2252 1678 2314 linctus
1709 2251 1809 2338 aliqui

132 2368 345 2452 adducuntur,
368 2370 423 2456 qui
442 2379 549 2431 tamen
570 2368 700 2430 omnino
721 2366 833 2430 molles
856 2377 981 2431 stultat
1003 2367 1058 2431 diu
1078 2367 1196 2431 dirrare
1218 2391 1282 2431 non
1305 2379 1441 2453 possunt
1467 2380 1600 2454 propter
1622 2369 1755 2431 nimiam
1777 2369 1810 2431 in

133 2484 306 2550 arboribus
329 2485 549 2549 decoctionem
571 2492 603 2545 et
624 2493 709 2545 terre
732 2481 939 2546 caliditatem.

258 2600 340 2665 Sunt
359 2610 466 2664 tamen
488 2598 535 2662 ibi
553 2598 678 2661 linctus
701 2598 848 2685 quidam,
882 2600 935 2681 qui
963 2621 1021 2684 per
1043 2610 1143 2663 totum
1167 2621 1285 2661 annum
1315 2601 1347 2661 in
1371 2599 1543 2663 arboribus
1565 2611 1809 2679 conscruantur,

134 2730 167 2783 et
193 2729 325 2782 utuntur
355 2718 401 2779 eis
428 2716 574 2779 homines
608 2723 673 2778 toto
697 2736 789 2778 anno.
833 2713 935 2778 Simul
958 2726 989 2777 ct
1012 2713 1107 2777 semel
1130 2716 1336 2778 inueniuntur
1365 2738 1441 2800 sepe
1464 2716 1497 2777 in
1520 2714 1691 2779 arboribus
1714 2716 1809 2780 flores

134 2844 166 2899 et
185 2834 310 2898 fructus
334 2831 569 2905 semimaturi‘)
598 2840 629 2892 et
648 2832 764 2893 maturi
788 2829 995 2916 etamplius,
1029 2842 1063 2894 ut
1092 2832 1194 2893 eciam
1217 2830 1379 2894 interdum
1402 2830 1649 2917 quadruplicem
1671 2832 1809 2896 fructum

132 2949 276 3015 eiusdem
299 2951 427 3035 generis
450 2944 545 3010 simul
567 2955 598 3009 ct
621 2945 722 3009 semel
750 2946 795 3010 ibi
818 2946 1002 3024 habeant).
1045 2944 1088 3009 Et
1110 2948 1163 3010 isti
1185 2947 1307 3011 fruetus
1334 2959 1408 3011 suut
1431 2970 1545 3033 pruina,
1570 2944 1631 3033 que
1653 2960 1810 3013 uocantur

132 3066 353 3145 aaraapesffll)
375 3074 406 3127 et
426 3068 551 3123 tectonas
572 3072 603 3124 ct
620 3084 710 3140 potua
731 3064 879 3142 Adeill),
909 3062 948 3125 de
977 3062 1093 3148 quibus
1115 3063 1238 3127 faciunt
1259 3063 1411 3148 indigene
1441 3064 1637 3128 salsamenta
1659 3087 1717 3150 pro
1739 3064 1809 3150 pul·

132 3182 172 3247 lis
195 3192 227 3245 et
248 3179 392 3267 piscibus
416 3189 447 3241 ot
470 3176 551 3240 cibis
574 3176 655 3239 aliis.
698 3176 741 3240 Et
762 3177 901 3241 reddtmt
922 3179 1011 3243 cibos
1033 3179 1315 3243 commendabiles.

258 3296 339 3361 Sunt
367 3296 469 3359 eciam
499 3293 544 3357 ibi
562 3316 669 3373 pionte,
700 3315 761 3378 que
783 3292 934 3358 dicuntur
957 3297 1140 3375 cariata-⁰⁴¹,
1171 3294 1210 3358 de
1237 3295 1354 3380 quibus
1385 3299 1418 3359 in
1438 3298 1550 3361 Accon
1572 3298 1651 3361 liunt
1674 3296 1844 3369 electae-t

133 3415 253 3493 riam)
275 3413 361 3477 bona
384 3410 488 3474 ualde.

256 3546 337 3610 ltem
361 3554 434 3608 sunt
452 3542 499 3606 ibi
521 3542 645 3605 fructus
667 3540 732 3621 alii,
756 3542 810 3625 qui
832 3540 982 3605 dictmtur
998 3566 1089 3621 poma
1100 3548 1245 3622 paradisi
1255 3546 1324 3623 6113),
1348 3543 1551 3608 admirabilis
1566 3547 1688 3608 linctus
1704 3543 1809 3608 ualde.
1829 3556 1843 3602 5

132 3662 232 3739 Istat)
254 3669 403 3724 crescunt
423 3660 456 3721 in
478 3657 609 3720 modum
632 3656 717 3720 botri
739 3659 843 3737 unius,
866 3657 1025 3722 habencia
1045 3658 1146 3722 multa
1168 3682 1280 3744 grana.
1324 3660 1367 3724 Et
1390 3673 1438 3724 ost
1460 3660 1600 3736 botrus&
1623 3662 1693 3745 ipse
1713 3663 1809 3724 inter-

133 3776 210 3843 dum
241 3776 284 3841 ad
313 3775 444 3839 modum
474 3783 505 3837 ot
534 3772 576 3835 ad
599 3774 809 3855 qumtitatem
833 3773 962 3859 cophini
973 3776 998 3849 ιι)
1030 3778 1240 3859 competentis
1253 3778 1310 3853 ⁶⁴⁴)
1318 3826 1326 3857 ,
1356 3776 1530 3863 aliquando
1561 3775 1684 3840 habens
1706 3800 1811 3862 grana

132 3893 196 3957 LX
218 3891 270 3956 uel
292 3890 443 3977 amplius.
487 3889 531 3953 Et
560 3899 635 3952 sunt
664 3910 767 3973 grana
799 3890 862 3952 ista
891 3889 1031 3975 oblonga
1061 3891 1222 3955 interdum
1254 3893 1296 3955 ad
1317 3892 1521 3956 latitudinem
1544 3915 1601 3956 sex
1625 3892 1810 3977 digitorum,

133 4010 240 4095 spissa
263 4030 339 4072 uero
363 4006 405 4071 ad
428 4007 639 4093 quantitatem
662 4006 714 4069 oui
735 4004 864 4089 galline,
888 4005 1071 4094 habentque
1093 4008 1271 4072 folliculum
1294 4011 1453 4094 spissum,
1476 4011 1559 4073 sicut
1582 4024 1630 4073 cst
1650 4009 1811 4074 folliculus

131 4124 298 4204 fabarum,
331 4123 388 4187 sed
412 4122 528 4186 coloris
553 4122 639 4184 croci
662 4119 791 4185 delicati
814 4121 919 4185 ualde.
963 4124 1028 4187 b'ed
1049 4123 1209 4190 folliculus
1230 4127 1407 4211 proiciam,
1437 4149 1586 4212 pomum,
1615 4126 1701 4212 (prod
1724 4128 1811 4191 intus

135 4253 194 4323 est,
216 4240 340 4306 tollitur
362 4249 394 4303 et
416 4236 606 4318 comeditur,
629 4246 660 4301 et
682 4250 731 4301 est
753 4260 851 4323 sapor
873 4241 940 4303 eius
965 4239 1067 4304 dulcis
1090 4241 1193 4313 ualde,
1216 4242 1487 4329 qumnadmodtmr
1512 4242 1735 4307 delicatissimi
1755 4243 1811 4306 bu-

130 4357 196 4443 tyri
232 4377 304 4418 cum
331 4355 405 4419 fauo
433 4352 544 4417 mellis.
595 4353 664 4417 Nec
690 4353 809 4417 habent
838 4379 941 4440 grana
971 4358 1033 4419 ista
1063 4380 1170 4421 aetiten
1198 4359 1231 4421 in
1263 4382 1313 4440 se,
1348 4358 1404 4422 scd
1432 4361 1559 4443 paenitus
1589 4359 1810 4424 comeduntur.

133 4472 276 4538 Fructus
301 4484 407 4535 autem
431 4472 491 4534 iste
514 4470 570 4533 uix
595 4493 658 4533 uno
681 4492 765 4534 tanna
782 4474 906 4536 crescit.
940 4471 1048 4536 Arbor
1064 4475 1165 4537 eciam
1180 4473 1273 4538 breui
1287 4485 1432 4560 tempore
1451 4475 1556 4549 durat,
1579 4476 1620 4538 ad
1636 4476 1741 4559 magis
1754 4476 1811 4539 ¹³⁴³)

199 4675 226 4742 a)
244 4672 359 4725 motibus
378 4668 416 4723 St.
434 4669 585 4721 naz-'narizan
605 4668 630 4720 h.
651 4700 682 4706 —
710 4668 739 4737 b)
756 4671 859 4723 caerulea
878 4688 930 4724 om.
952 4672 998 4729 st..
1020 4670 1146 4724 babath.
1167 4704 1198 4710 —
1227 4676 1253 4743 c)
1271 4674 1369 4726 atthaeo
1387 4672 1427 4726 St.
1448 4704 1480 4712 -—
1505 4672 1534 4743 d)
1552 4674 1653 4725 sarbara
1674 4673 1713 4724 St.
1733 4701 1765 4707 -
1785 4671 1811 4738 c)

265 4757 316 4808 <aa
334 4758 365 4809 St
378 4753 403 4806 h.
422 4784 452 4791 —
472 4752 498 4820 f)
515 4754 681 4805 scrraz'mtatar
701 4756 739 4807 st.
757 4755 927 4807 scrar'aaatura'
944 4754 969 4808 h.
990 4786 1023 4793 —
1040 4766 1070 4825 g)
1088 4756 1238 4810 habeantur
1257 4758 1296 4811 st.
1316 4758 1432 4810 lutbcuat
1452 4757 1477 4809 h.
1492 4788 1524 4795 —
1543 4757 1571 4819 h)
1591 4759 1638 4809 isti
1655 4755 1695 4807 St.
1714 4755 1767 4806 ista
1784 4752 1810 4805 h.

272 4868 299 4875 -
319 4838 339 4907 i)
357 4840 442 4890 bontas
460 4838 499 4890 St.
520 4866 549 4873 —
570 4836 599 4901 k)
617 4837 700 4905 crqrbi
716 4835 748 4890 St
775 4839 889 4907 cophini
908 4838 933 4890 h.

194 5014 266 5083 638)
287 5010 428 5085 cophinis]
451 5007 596 5067 corbibus
993 5011 1153 5083 medicum,
1184 5016 1338 5091 persicum.
1381 5014 1428 5072 lle
1456 5012 1600 5071 vocabulo
1623 5012 1733 5070 sitriae
1754 5010 1811 5068 fru-

191 5112 263 5181 639)
294 5108 453 5184 aaraapes]
487 5107 656 5165 Neroneum
686 5118 730 5167 cst
760 5109 870 5167 malum
901 5130 950 5167 au·
992 5120 1051 5168 stra
1073 5112 1271 5169 consuluimus
1294 5112 1396 5170 lexico.

130 5228 222 5271 reum.
265 5208 403 5266 Formam
425 5207 564 5282 narangis
585 5226 645 5265 uon
665 5206 753 5266 habet
769 5208 951 5285 Ducangius.
1054 5213 1124 5282 6422
1156 5212 1324 5285 electuaria]
1354 5209 1505 5277 alectoria,
1537 5208 1706 5285 ecligmate,
1739 5210 1758 5268 i.
1786 5230 1809 5267 c.

195 5312 267 5381 640)
285 5327 375 5383 poam
397 5306 468 5381 Aila]
499 5303 544 5365 Of.
568 5304 645 5383 Mag.
675 5305 840 5364 Tbietmari
867 5327 949 5385 pers·
992 5307 1110 5366 sorbitio
1134 5308 1239 5367 mollis.

129 5407 324 5483 grinatiotmm
345 5404 467 5468 XXIX.
491 5412 507 5464 l
529 5426 557 5483 p.
581 5408 619 5463 52
648 5414 773 5483 atquae
796 5405 835 5464 ibi
858 5425 948 5464 auno·
1054 5412 1125 5479 643)
1142 5426 1232 5481 portia
1251 5406 1405 5481 praediea]
1429 5405 1474 5465 cf.
1495 5405 1589 5464 Ritter
1611 5405 1696 5466 ΧΠ.
1726 5409 1789 5465 183.

128 5502 274 5565 tavimm.
1056 5512 1125 5579 bil)
1149 5506 1341 5580 rorrtpcteate'sl
1363 5504 1432 5562 satis
1454 5505 1563 5581 uiagni.

194 5606 265 5677 ott)
293 5604 411 5678 citrino]
442 5602 538 5662 Citrus
567 5601 680 5661 medica
709 5601 811 5679 Linn.3
840 5603 948 5661 malum
1053 5612 1124 5673 0455
1148 5607 1189 5661 aad
1209 5604 1311 5680 tramis]
1336 5624 1487 5662 sumtuum.
