4214 6096
1017 1723 1044 1769 S.

315 1917 368 1982 De
391 1916 549 1996 Odorico,
579 1918 669 1980 cuius
690 1915 809 1981 librum
831 1916 870 1980 de
893 1931 977 1981 terra
997 1928 1110 1981 sancta
1133 1941 1216 1981 nuno
1237 1920 1374 2004 primum
1397 1918 1513 1981 edituri
1536 1940 1661 1993 sumus,
1695 1919 1728 1979 iu
1751 1914 1862 1978 codiee

195 2031 471 2118 guelpherbytano
493 2034 649 2118 inscripto
672 2034 785 2113 „Num
809 2042 847 2099 40
868 2056 924 2096 ms.
949 2033 1077 2097 Weiss“
1099 2057 1174 2120 pag.
1198 2039 1235 2100 73
1259 2034 1338 2097 haec
1360 2034 1521 2117 leguntur:

317 2147 450 2232 „„Ego,
477 2148 577 2211 frater
599 2147 759 2213 Odoricus
783 2149 823 2213 de
845 2149 931 2212 Foro
953 2148 1042 2231 Iulii,
1066 2149 1106 2212 dc
1126 2149 1266 2235 quadam
1289 2160 1392 2229 terra,
1416 2171 1477 2235 que
1499 2148 1615 2212 dicitur
1637 2148 1705 2211 siue
1725 2155 1862 2210 vocatur

195 2262 311 2327 Portus
332 2263 472 2344 Naouis,
505 2263 545 2327 de
566 2263 678 2328 ordine
701 2265 837 2328 fratrum
858 2265 1033 2345 minorum,
1063 2265 1216 2330 testificor
1247 2274 1277 2328 et
1301 2266 1517 2328 testimonium
1539 2264 1657 2350 prebeo
1681 2260 1860 2326 reuerendo

194 2378 288 2442 fratri
315 2388 347 2442 ct
374 2379 502 2444 domino
530 2402 618 2461 mco,
648 2381 741 2443 t'ratri
763 2379 928 2460 Gnidoco,
960 2378 1151 2466 proruueiali
1179 2382 1281 2444 sancti
1303 2380 1457 2445 Anthonii
1489 2382 1523 2444 iu
1550 2380 1683 2444 marcha
1704 2379 1861 2457 triuisina,

194 2515 269 2558 cum
292 2516 350 2579 por
372 2517 443 2558 eum
464 2494 579 2558 fuerim
600 2496 784 2579 requisitus,
808 2519 865 2581 per
888 2496 1118 2575 obedienciam,
1140 2495 1226 2581 quod
1248 2502 1364 2577 omnia,
1389 2519 1450 2582 que
1473 2498 1620 2580 superius
1639 2496 1761 2579 scripta
1779 2502 1861 2572 sunt,

196 2611 338 2695 propriis
359 2609 459 2674 ocrdis
481 2610 559 2692 vidi,
582 2620 613 2674 et
635 2610 772 2697 quedam
796 2612 907 2676 audiui
931 2636 949 2676 a
970 2611 1034 2676 fide
1052 2611 1168 2697 dignis,
1192 2624 1226 2674 vt
1248 2611 1386 2697 predixi.
1420 2611 1606 2676 Communis
1621 2612 1723 2675 eciam
1739 2608 1861 2672 locucio

197 2723 323 2789 illarum
345 2736 562 2790 contratarum
584 2736 642 2808 cst,
665 2739 699 2790 rt
720 2726 786 2808 illa,
809 2751 870 2814 quo
892 2728 1055 2809 non‘vidi,
1075 2751 1138 2792 non
1158 2739 1294 2791 testarer
1317 2751 1387 2791 esso
1410 2750 1487 2791 vera
1510 2726 1597 2813 apud
1616 2727 1777 2804 homines,
1800 2723 1861 2785 nisi

196 2839 252 2904 illa
272 2843 413 2926 propriis
436 2842 537 2906 oculis
556 2845 809 2928 conspexissem.
851 2844 922 2927 Ego
951 2856 1056 2908 autem
1084 2842 1124 2907 de
1152 2843 1204 2909 die
1231 2846 1265 2907 in
1287 2843 1371 2907 diem
1394 2866 1444 2907 mo
1468 2866 1606 2928 preparo
1630 2842 1672 2905 ad
1694 2839 1766 2903 illas
1789 2859 1861 2902 con·

197 2966 298 3020 tratas
320 2958 382 3037 ire,
411 2960 445 3021 in
474 2957 588 3043 quibus
613 2958 750 3044 dispono
782 2984 832 3024 me
861 2961 942 3024 mori
971 2973 1002 3023 et
1025 2960 1151 3040 viuere,
1180 2970 1214 3022 vt
1236 2959 1281 3022 illi
1304 2959 1480 3045 placuerit,
1510 2982 1528 3022 a
1557 2981 1619 3044 quo
1644 2958 1726 3022 bona
1748 2964 1862 3019 cuncta

197 3073 433 3159 procedunt.““

320 3188 494 3270 „Prcdieta
523 3199 629 3253 auteur
658 3190 796 3255 fideliter
815 3192 915 3254 frater
938 3189 1138 3254 (luilhelmus
1160 3191 1199 3253 de
1222 3191 1365 3276 Solagna
1395 3193 1428 3254 in
1455 3191 1584 3276 scriptis
1607 3189 1746 3273 redegit,
1780 3188 1863 3250 siout

197 3303 359 3390 predictus
380 3303 540 3369 Odorieus
568 3328 624 3370 ore
652 3309 786 3393 proprio
815 3305 1034 3392 exprimebat,
1065 3328 1148 3370 armo
1169 3306 1301 3371 Domini
1328 3307 1495 3371 millesimo
1523 3306 1740 3368 tricentesimo
1769 3305 1861 3367 trice·

199 3421 294 3501 simo,
325 3420 377 3485 die
407 3423 525 3483 mensis
547 3421 625 3484 Maii
643 3425 679 3497 ¹),
708 3422 837 3503 Paduc,
867 3424 899 3485 in
929 3421 997 3486 loeo
1027 3423 1129 3485 sancti
1151 3422 1305 3486 Antlronii
1336 3423 1540 3486 conl'essoris.
1584 3422 1651 3484 Nec
1673 3420 1800 3484 curauit
1822 3418 1862 3483 de

197 3533 296 3600 latino
319 3535 649 3618 diffieiliet01·11ata,
673 3538 746 3617 scd,
766 3540 850 3601 sicut
871 3537 924 3601 illc
945 3537 1007 3601 sibi
1030 3540 1189 3619 narrauit,
1213 3539 1258 3601 sic
1283 3541 1353 3624 ipse
1376 3539 1515 3624 scripsit,
1540 3537 1582 3601 ad
1603 3538 1673 3617 hoe,
1696 3548 1731 3598 vt
1752 3556 1862 3599 omnes

197 3651 256 3716 hec
287 3651 430 3736 legentes
458 3652 585 3716 lacilius
614 3651 847 3737 intelligerent,
882 3675 943 3739 que
975 3652 1134 3716 dicuntur.
1177 3652 1241 3733 Qui
1263 3654 1363 3717 frater
1385 3652 1545 3718 Odorious
1567 3653 1717 3716 transiuit
1740 3650 1862 3714 dehoc

196 3766 314 3832 mundo
343 3768 386 3832 ad
409 3768 514 3831 Deum
542 3771 575 3831 in
598 3781 756 3832 conuentu
777 3768 881 3849 Vtiui,
915 3791 998 3832 amro
1023 3769 1155 3832 Domim
1177 3767 1345 3832 millesimo
1367 3770 1584 3832 tricentesimo
1607 3769 1786 3847 tricesimo,
1809 3765 1861 3829 die

144 3916 147 3921 ·
196 3881 285 3946 XIV.
304 3883 455 3947 Ianuarii.
497 3885 560 3965 Qui
583 3883 787 3970 postmodum
810 3883 980 3947 choruscat
1001 3884 1165 3948 miraculis
1188 3885 1326 3948 multis.“

318 3998 465 4085 Apparet
491 4001 607 4083 igitur,
639 4024 689 4063 me
712 4022 782 4064 mco
804 4000 873 4063 imo
895 4000 1088 4080 Odoricum,
1117 3988 1359 4064 celeberrimum
1383 4000 1470 4063 illum
1489 3994 1768 4082 Ἰνὸικοπλεύστιμ),
1796 4020 1860 4062 non

197 4112 395 4196 Utinensem,
418 4126 453 4178 ut
473 4115 538 4197 alii,
561 4116 618 4180 sed
641 4116 900 4181 Foroiuliensem
924 4115 1115 4201 appellasse.

320 4230 373 4294 De
387 4230 528 4295 Odorieo
551 4231 643 4317 pluru
659 4234 712 4316 qui
730 4254 924 4317 cognoscere
943 4232 1031 4311 velit,
1054 4232 1197 4295 conterat
1218 4232 1464 4297 Tiraboschium
1488 4243 1562 4295 tom.
1585 4232 1621 4294 V.
1643 4255 1672 4317 p.
1694 4238 1862 4311 lat—tto,

196 4346 385 4411 Ramusium
407 4346 447 4409 ll.
471 4353 539 4426 245,
562 4348 646 4411 Aeta
668 4350 857 4412 Sanetorunr
874 4348 970 4411 lan.l
993 4346 1035 4410 ud
1058 4346 1143 4410 diem
1164 4348 1252 4411 xlv.
1276 4371 1306 4433 p.
1323 4352 1494 4439 oss-um,
1526 4347 1643 4432 Elegio
1667 4358 1726 4412 tor.
1750 4347 1809 4411 dcl.
1833 4347 1861 4411 b.

198 4460 349 4529 Odorico.
392 4463 536 4527 Venetiis
565 4471 650 4529 1761.
671 4470 714 4528 ll.
738 4462 878 4547 (loseplri
901 4462 1040 4537 Vennii,¹

321 4578 435 4644 Codex
465 4578 675 4642 berolinensis
684 4628 692 4659 ,
722 4603 762 4643 ex
790 4600 850 4662 quo
875 4578 1008 4643 Odorici
1036 4580 1153 4643 librum
1183 4577 1428 4665 <exprimendum
1459 4582 1657 4659 curavimus,
1684 4581 1861 4664 inscriptus

198 4702 247 4757 est
267 4717 363 4775 „mss
386 4694 478 4758 theol.
501 4694 553 4758 lat.
575 4696 622 4758 JV
645 4694 681 4757 N.
711 4698 796 4758 ltr‘.
839 4693 898 4757 Est
921 4695 1119 4774 chartaceus,
1141 4696 1261 4759 saeculi
1284 4694 1355 4757 XV.
1396 4694 1508 4758 lusunt
1531 4697 1631 4756 varia.

327 4887 354 4947 l)
379 4880 512 4958 Apparet
534 4894 583 4937 aut
606 4881 691 4951 lmnc,
715 4892 764 4937 aut
786 4892 890 4958 postea
912 4892 1080 4959 sequentem
1101 4883 1169 4939 armi
1193 4881 1359 4941 emortualis
1381 4899 1530 4938 numerum
1552 4878 1723 4937 mutandum
1745 4900 1819 4941 esse.
