4214 6096
850 693 1069 756 „eu-

309 881 407 965 ilinc,
432 883 498 951 bno
522 895 573 952 est
597 907 616 952 a
637 885 817 968 Bethleem,
842 887 885 952 ab
904 884 948 953 Vl
970 884 1109 953 miliaria
1133 894 1186 952 est
1211 884 1320 952 Ebron
1335 883 1383 968 ³⁴¹,
1412 905 1532 953 uersus
1554 886 1736 967 meridiem,
1773 885 1823 950 13.

174 1013 232 1079 ubi
260 1021 401 1098 quatuor
423 1014 607 1097 patriarche
636 1034 709 1080 cunr
741 1013 899 1081 uxoribus
928 1015 1000 1082 suis
1030 1017 1063 1080 in
1095 1013 1220 1100 duplici
1250 1012 1411 1100 spelunca
1441 1023 1520 1080 sunt
1548 1013 1671 1101 sepulti
1683 1012 1736 1080 ⁸4⁸:

175 1139 283 1205 Adam
295 1136 344 1224 ³⁴⁹,
368 1138 585 1208 Abraham³⁵⁰
608 1141 719 1208 Ysaac
742 1150 776 1207 ct
798 1140 908 1208 lacob.
955 1140 1021 1207 Ubi
1050 1139 1266 1228 pulcherrima
1291 1141 1435 1209 ecclesia
1460 1152 1649 1208 constructa
1672 1151 1736 1224 est,
1772 1137 1822 1204 11.

174 1285 272 1352 quam
295 1267 398 1332 eciam
415 1266 587 1333 sarrraceni
611 1268 643 1333 in
666 1267 770 1334 multa
792 1268 1005 1334 ueneratione
1027 1265 1161 1350 babent,
1185 1277 1219 1335 ct
1240 1269 1382 1335 maxime
1404 1278 1539 1356 propter
1554 1267 1735 1351 Abrabam3

174 1403 209 1460 ct
230 1392 288 1460 illa
312 1395 483 1480 prouincia
505 1394 614 1460 adbuc
637 1394 757 1460 (licitur
779 1407 861 1462 terra
885 1394 1060 1462 Abrabam.

308 1595 371 1662 Est
404 1605 513 1662 autern
549 1617 627 1682 ager
658 1598 789 1686 quidam
824 1597 857 1662 in
888 1596 1015 1679 Ebron,
1051 1597 1108 1686 qni
1143 1595 1176 1662 in
1212 1594 1313 1662 multo
1348 1591 1485 1661 babetur
1520 1593 1643 1662 honore
1676 1616 1737 1684 pro
1772 1600 1823 1664 15.

173 1720 338 1809 specie³⁵¹
361 1724 523 1809 preciosa.
570 1722 689 1789 Solent
719 1724 805 1789 enim
836 1724 1009 1792 sarraceni
1040 1723 1185 1791 effodere
1214 1737 1331 1790 terram
1360 1719 1451 1789 illam
1484 1732 1517 1788 et
1546 1722 1672 1789 deferre
1701 1725 1736 1790 in
1772 1726 1823 1790 13.

171 1852 339 1941 Egyptum
362 1851 403 1915 ael
422 1851 632 1917 uendendnm
651 1872 711 1937 pro
729 1851 834 1919 nobili
855 1855 979 1938 specie.
1018 1848 1330 1942 Quantumcumque
1348 1863 1457 1920 autem
1476 1862 1559 1919 terre
1577 1853 1736 1923 effossum
1771 1853 1823 1918 17.

172 1989 236 2062 est,
259 1988 339 2067 post
361 1978 438 2044 anni
463 1977 621 2046 circulum
645 1979 803 2064 reperitur
825 1979 1090 2064 redintegratum.
1125 1976 1178 2043 Da
1198 1998 1262 2067 qua
1281 1989 1364 2045 terra
1383 1978 1496 2044 dicunt
1514 1989 1548 2045 et
1566 1980 1600 2045 in
1618 1981 1736 2049 eodem
1771 1977 1823 2045 18.

172 2105 249 2172 loco
273 2125 351 2171 esse
375 2103 548 2169 formatum
571 2102 687 2170 Adam.
723 2103 821 2170 Terra
846 2103 936 2171 illius
961 2105 1029 2190 agri
1054 2102 1154 2170 rubea
1178 2115 1240 2170 est.
1276 2104 1346 2173 Alii
1369 2116 1476 2175 autem
1502 2107 1736 2176 dicuntAtlam
1771 2102 1823 2168 1⁹·
1859 2101 1912 2170 20·

173 2253 252 2299 esse
270 2228 525 2319 plasmatum³⁵²
548 2232 581 2296 in
604 2250 684 2317 agro
708 2230 927 2298 Damascena.

307 2431 387 2499 item
411 2433 502 2498 iuxta
526 2430 712 2497 Ebronest
734 2450 829 2496 mons
848 2428 1052 2511 Mambre³⁵³,
1076 2431 1110 2495 in
1134 2431 1230 2497 cuius
1254 2431 1365 2499 radice
1387 2442 1440 2497 est
1461 2429 1518 2497 illa
1542 2432 1734 2517 terebintus,
1769 2429 1822 2493 tl.

172 2559 235 2627 sub
259 2580 323 2648 qna
347 2559 430 2626 uidit
453 2557 617 2625 Abrabam
641 2567 707 2653 tres
731 2555 888 2643 angelos3
914 2566 980 2622 tres
1004 2557 1087 2623 uidit
1111 2569 1143 2624 et
1166 2577 1266 2625 unum
1281 2555 1319 2595 ³⁵⁴
1341 2558 1490 2624 adorauit
1503 2556 1549 2624 ⁸⁵⁵.

305 2757 387 2822 item
409 2779 429 2822 a
454 2754 626 2822 Bethleem
649 2756 691 2822 ad
714 2757 773 2821 tria
797 2754 936 2822 miliaria
960 2766 1012 2821 est
1034 2758 1270 2824 monasterium
1293 2759 1399 2825 sancti
1423 2757 1560 2824 Karioth
1574 2757 1620 2823 ³⁵⁶.
1668 2757 1736 2845 Qui
1769 2758 1822 2825 33.
1858 2758 1911 2827 lb,

173 2892 366 2952 comesset
392 2880 497 2948 abbas
527 2882 562 2947 in
585 2882 701 2947 eadem
725 2879 887 2963 ecclesia,
917 2892 951 2947 ct
980 2881 1112 2949 tandem
1142 2883 1281 2949 instaret
1310 2883 1382 2949 (lies
1406 2882 1619 2950 resolutionis
1650 2883 1736 2966 eius,
1775 2963 1777 2966 Α

169 3006 323 3076 monachi
346 3008 479 3094 ipsius,
515 3008 667 3074 uidentes
697 3009 807 3095 ipsum
837 3006 1084 3092 agonizantem,
1120 3007 1272 3074 dixerunt
1305 3008 1347 3073 ad
1381 3008 1525 3075 inuicem
1538 3006 1592 3073 ³⁵⁷:
1629 3009 1736 3110 „Post

169 3144 293 3220 patrem
317 3145 465 3200 nostrum
488 3135 687 3220 superstites
711 3131 866 3199 nolumus
890 3152 968 3199 essa
996 3152 1098 3219 super
1126 3134 1283 3200 terrami“
1318 3145 1352 3201 et
1379 3155 1496 3202 ornnes
1525 3137 1558 3202 in
1588 3139 1736 3223 presenti

171 3281 245 3328 cum
269 3259 388 3326 abbate
418 3259 614 3347 agonizante
645 3271 680 3326 et
709 3257 862 3334 monachi
892 3258 1132 3349 agonizabant,
1162 3271 1197 3327 et
1224 3260 1333 3328 adbuc
1363 3281 1403 3329 eo
1432 3263 1532 3330 morlo
1562 3263 1735 3333 carnaliter

171 3394 347 3473 apparent,
382 3406 448 3473 qno
483 3386 516 3450 in
551 3386 671 3472 agonia
707 3395 784 3452 tunc
819 3386 976 3473 temporis
1013 3387 1200 3452 extiterunt.
1251 3386 1423 3454 Sarraceni
1458 3399 1567 3457 autem
1600 3400 1734 3478 proptor
1766 3390 1820 3455 ll.

170 3513 344 3594 inuidiam,
373 3523 409 3577 ut
432 3513 527 3598 ipsos
551 3510 831 3594 incinerarent³⁵⁸,
855 3513 963 3598 ignem
988 3532 1088 3598 super
1111 3533 1172 3578 eos
1194 3513 1418 3599 proiecerunt,
1442 3516 1501 3581 sed
1526 3516 1622 3582 ardor
1643 3515 1733 3602 ignis

172 3642 268 3728 ipsos
292 3661 358 3706 non
383 3639 498 3725 tetigit.
545 3636 613 3725 Qui
636 3640 670 3705 in
694 3636 848 3724 cripta³⁵⁹
869 3637 1006 3727 pulchra
1029 3639 1179 3706 eiusdem
1202 3641 1393 3707 monasterii
1416 3642 1554 3729 repositi
1578 3652 1664 3710 suut.
1766 3645 1818 3709 25.

303 3838 384 3904 ltern
409 3858 429 3903 a
451 3834 624 3905 Bethleem
649 3836 693 3902 ad
718 3837 779 3902 tria
802 3833 941 3903 miliaria
966 3847 1019 3903 est
1042 3837 1201 3923 oppidum
1224 3836 1421 3923 Thoonem,
1449 3839 1506 3906 ubi
1529 3840 1634 3906 Amos
1656 3859 1732 3927 pao·
1764 3842 1818 3911 lb.

169 3962 269 4050 pheta
292 3964 443 4050 sepultus
468 3973 530 4027 est.

277 4338 343 4409 317)
364 4339 468 4409 Ebron]
486 4340 608 4394 Hebron.
627 4369 662 4381 -
682 4337 748 4407 318)
766 4338 871 4411 sepulta]
891 4339 953 4394 vid.
972 4340 1062 4395 Ritter
1074 4340 1138 4395 xvl
1155 4338 1218 4395 137.
1236 4369 1272 4382 -
1291 4339 1358 4411 343)
1369 4341 1470 4412 Adam]
1488 4341 1549 4396 Vid.
1568 4340 1661 4398 aaran
1678 4344 1731 4399 vul.

169 4451 215 4502 cit.
239 4467 264 4517 p.
284 4447 337 4501 211
357 4465 396 4516 sq.
421 4478 456 4489 -
482 4446 549 4514 350)
570 4447 719 4516 Abraham]
744 4446 805 4501 Vid.
825 4449 917 4501 liittcr
934 4448 999 4502 xvi
1022 4448 1085 4503 ait.
1108 4480 1145 4491 -
1168 4450 1236 4520 351)
1255 4451 1346 4522 specie]
1364 4451 1417 4504 Eat
1443 4467 1487 4506 res
1512 4451 1547 4505 etl
1572 4450 1731 4506 medicinam

171 4565 307 4625 spectans.
344 4555 404 4610 vid.
426 4557 565 4610 linireane.
592 4585 625 4597 -
650 4554 718 4624 353)
732 4553 903 4628 plasmatam]
928 4557 1081 4612 formatum.
1125 4558 1187 4614 vm.
1206 4561 1346 4614 buiresac.
1370 4588 1406 4600 -
1431 4557 1498 4630 353)
1518 4557 1651 4629 Mambre]
1669 4559 1731 4614 vta.

170 4668 262 4721 narrar
280 4666 343 4720 xm
361 4663 425 4733 aaa,
445 4663 506 4718 aaa.
524 4693 560 4706 .-
579 4662 647 4734 aaa)
664 4665 756 4734 nm]
776 4665 874 4720 aaran
893 4665 984 4719 xvan
1002 4664 1020 4719 a
1038 4667 1153 4735 regum
1165 4653 1297 4737 'nomm
1321 4682 1375 4723 nor
1393 4668 1511 4722 nomint.
1528 4696 1565 4707 -
1583 4665 1651 4737 aas)
1669 4668 1732 4722 aa

170 4776 254 4843 mult]
274 4772 335 4828 vid.
350 4775 449 4827 Genea.
461 4772 552 4826 xv111
573 4770 628 4826 1-3.
646 4802 682 4812 -
700 4771 768 4843 353)
786 4775 971 4828 merium
987 4775 1072 4828 moti
1091 4775 1217 4848 Kurloth]
1238 4779 1285 4832 Cir
1297 4776 1440 4832 Ladolium
1459 4794 1483 4831 e.
1497 4776 1626 4831 XXXVII
1644 4794 1670 4846 p.
1686 4775 1731 4844 71,

170 4881 242 4950 apud
261 4898 339 4950 quam
359 4877 482 4935 monachi
502 4880 615 4948 improbi
636 4882 770 4936 lactantur
793 4883 868 4935 obitu
894 4883 1010 4936 abbatia.
1028 4878 1063 4924 -’-
1089 4883 1156 4955 357)
1179 4886 1216 4940 ad
1236 4887 1358 4956 ἰπκίοω]
1381 4889 1452 4941 iuter
1477 4903 1516 4940 aa.
1541 4916 1578 4927 —
1601 4883 1668 4954 358)
1687 4886 1730 4940 ia·

169 4991 336 5059 cinerorent]
364 4993 391 5045 in
420 4991 525 5044 cineres
552 4981 714 5058 redigerent.
759 4991 811 5045 Est
836 4991 1075 5060 Frauccgaliorum
1103 4995 1248 5051 maanaim.
1275 5023 1311 5039 -
1341 4992 1409 5064 353)
1435 4993 1536 5066 cripta]
1564 5000 1667 5064 crypta
1695 5022 1732 5035 -

168 5099 235 5168 360)
258 5098 372 5168 Theaua]
391 5096 511 5166 Thasos,
532 5115 601 5154 nuuc
620 5098 723 5154 Teitia.
761 5098 822 5154 Viti.
843 5099 982 5155 Robinson
1001 5102 1028 5156 11
1047 5100 1108 5156 108.
