4214 6096
1017 366 1045 424 11

191 548 312 612 viorem
342 542 390 608 illi
412 555 444 607 et
464 545 607 630 priorem
630 541 882 628 descriptionem
904 541 1070 627 praebent.
1114 539 1213 607 Cuius
1243 539 1372 624 generis
1395 549 1468 602 sunt
1492 537 1621 603 cedices
1641 536 1868 603 vratislarien-

193 685 242 728 ses
263 674 341 743 tres,
362 658 567 740 mellicensis,
587 658 831 739 ratisbonensis,
852 678 1016 722 romanus.
1057 656 1088 721 E
1107 655 1240 743 reliquis
1265 653 1533 740 Staphorstianus
1561 675 1632 717 cum
1655 652 1757 719 altere
1778 653 1868 719 bam-

192 778 365 863 bergensi,
393 774 582 855 basileensi,
608 774 781 840 florentine
802 774 1061 854 Laurentianae,
1090 772 1276 851 oxoniensi,
1298 771 1493 852 taurinensi,
1516 771 1726 857 posteriorem
1749 779 1781 834 et
1803 792 1868 834 am·

191 892 325 981 pliorem
347 890 596 977 descriptionem
619 889 867 971 continentibus,
889 889 984 954 alteri
1005 890 1117 975 generi
1133 886 1367 952 annumerandi
1388 908 1459 950 esse
1476 885 1636 949 videntur.
1670 885 1775 949 Huius
1791 884 1869 949 alte-

193 1011 257 1074 rius
279 1007 407 1093 generis
430 1006 558 1073 codices
579 1008 612 1070 in
634 1005 695 1071 hac
717 1005 859 1071 editione
878 1017 989 1070 nestra
1010 1006 1136 1090 sequuti
1159 1027 1277 1069 sumus.

916 1418 1142 1484 INDEX

813 1568 1011 1616 ammentant
1032 1568 1238 1616 evacuarent.

192 1657 309 1731 Editio
334 1654 362 1728 I
383 1673 469 1734 1475.
499 1673 640 1731 laubacus.
667 1672 732 1729 Fol.

354 1786 571 1871 inscriptione
593 1795 697 1865 caret,
722 1782 916 1869 subscriptio
936 1782 1017 1847 haee
1038 1793 1100 1847 est:

398 1899 570 1967 Conclusio
597 1899 672 1964 libri
702 1900 854 1986 sequitur.
893 1926 898 1981 ῃ
941 1900 1035 1962 Amro
1070 1898 1245 1963 secundum
1277 1921 1407 1963 earnem
1436 1898 1495 1961 lilii
1524 1897 1589 1961 Dei
1619 1918 1639 1959 a
1667 1893 1837 1957 natiuitete
1863 1914 1866 1967 t

356 2014 688 2098 MCCCQLXXVI,
717 2016 789 2103 ipse
817 2015 869 2080 die
903 2016 1098 2080 sanctissimi
1122 2016 1208 2100 regis
1235 2015 1239 2097 l
1268 2027 1302 2080 et
1322 2016 1465 2079 martiris
1494 2013 1654 2094 Oswaldi,
1682 2011 1736 2097 qui
1762 2018 1810 2071 est
1836 2006 1867 2069 V

353 2133 510 2218 Augusti,
530 2134 535 2211 Ι
554 2132 760 2196 sanctissime
780 2132 814 2194 in
838 2131 969 2198 Christo
991 2141 1084 2217 patre
1106 2154 1145 2195 ac
1168 2131 1316 2214 demine,
1338 2130 1467 2195 domino
1489 2128 1583 2193 Sixto
1605 2130 1719 2215 palpa,
1742 2134 1867 2209 quarte,

356 2247 573 2313 illustrissime
595 2247 837 2334 preclarissime
859 2247 974 2312 demus
993 2248 998 2329 Ι
1016 2248 1149 2312 Austris
1171 2246 1348 2311 Frederice
1369 2248 1469 2311 tercie
1490 2245 1708 2311 Romanormn
1731 2244 1869 2326 impera·

358 2376 429 2429 tore
461 2350 672 2428 inuictissime
706 2385 834 2449 semper
864 2373 1002 2450 augusto
1027 2386 1065 2427 ae
1087 2385 1254 2448 prenunc
1273 2361 1415 2428 Collonie
1445 2363 1619 2443 existente,
1650 2363 1801 2440 imperiali
1822 2370 1868 2442 aq

357 2484 408 2543 bili
437 2484 469 2541 ia
496 2484 568 2541 urbe
595 2483 742 2559 labicana
771 2490 840 2544 arte
870 2481 1080 2566 impressoria
1104 2478 1238 2566 speciali
1260 2479 1373 2563 gracia
1395 2477 1506 2542 diuina
1525 2478 1529 2559 Ι
1549 2479 1729 2541 animarum
1754 2474 1794 2540 eb
1816 2498 1866 2538 sa-

356 2597 455 2662 lutem
481 2595 624 2659 fidelium
646 2594 779 2658 inuenta
805 2596 986 2683 epitholma
1015 2594 1119 2676 istud,
1148 2604 1259 2682 partes
1289 2596 1322 2658 in
1351 2616 1409 2658 sex
1436 2595 1529 2658 iuxta
1548 2591 1660 2657 mundi
1683 2615 1741 2656 sex
1763 2601 1866 2656 etates

360 2711 510 2792 diuisum,
532 2712 622 2798 prius
645 2709 723 2775 alibi
744 2732 810 2775 non
831 2724 1005 2799 repertum,
1028 2710 1114 2797 qued
1135 2710 1258 2797 placuit
1279 2715 1475 2773 rudimentum
1497 2712 1679 2771 noviciorum
1701 2707 1869 2790 intitulari,

355 2826 419 2892 Dei
442 2826 613 2907 adiutorio,
636 2828 691 2914 qui
713 2850 873 2914 supernas
893 2850 945 2892 res
968 2849 1007 2891 ac
1030 2826 1200 2892 subternas
1222 2827 1349 2891 fortiter
1373 2827 1517 2891 suauitcr
1537 2824 1775 2911 tranquilleque
1801 2824 1864 2889 dis·

358 2953 490 3030 pensat,
514 2967 572 3022 per
593 2947 767 3022 maqiatram
787 2948 900 3006 Lucam
922 2949 1059 3006 Brendis
1081 2949 1116 3005 de
1138 2946 1250 3006 aaran
1271 2943 1408 3008 feliciter
1428 2951 1477 3006 cst
1499 2963 1656 3005 excusum
1678 2951 1774 3025 atque
1798 2940 1867 3003 fini·

358 3070 425 3122 tum
446 3068 476 3122 ct
497 3082 526 3145 q.
548 3082 572 3122 s.

316 3176 390 3241 Hoc
418 3175 452 3238 in
479 3173 562 3239 libro
591 3197 611 3238 a
639 3174 717 3240 folio
748 3175 823 3240 inde
846 3175 1002 3242 CLXIIII
1022 3182 1065 3253 (a)
1094 3197 1194 3260 usque
1223 3174 1265 3239 ad
1287 3173 1340 3239 fol.
1364 3174 1604 3240 CLXXXVIII
1625 3180 1667 3252 (c)
1689 3176 1773 3240 inest
1787 3175 1869 3239 Bur·

197 3292 308 3360 cbardi
330 3291 507 3377 descriptio
527 3303 634 3355 terrae
655 3303 797 3356 sanctae.

315 3405 523 3492 Exemplum,
545 3428 608 3490 que
630 3409 680 3471 usi
701 3430 820 3487 sumus,
842 3409 983 3471 continet
1001 3408 1080 3472 felia
1102 3407 1226 3494 aliquot
1247 3404 1382 3488 calamo,
1401 3428 1467 3470 nen
1482 3408 1570 3493 typis
1587 3409 1719 3493 scripta.
1754 3408 1867 3473 Asser-

195 3536 289 3590 ratur
309 3526 343 3588 in
364 3522 570 3586 Bibliotheca
583 3521 827 3608 Hamburgensi
851 3522 990 3609 publica.
1033 3523 1093 3588 Est
1121 3523 1173 3586 hic
1195 3525 1318 3609 primus
1339 3521 1433 3604 liber,
1454 3524 1508 3609 qui
1529 3522 1681 3587 Lubecac
1700 3526 1790 3610 typis
1812 3548 1866 3588 ex·

196 3663 325 3729 pressus
355 3650 413 3702 est.
456 3638 508 3703 De
531 3660 593 3724 quo
615 3638 681 3702 rid.
702 3637 805 3703 Ebert
830 3661 861 3702 n.
888 3642 985 3706 19548
1006 3650 1038 3703 et
1057 3639 1132 3705 Job.
1155 3638 1344 3702 Beckrnann
1364 3638 1541 3702 Litteratur
1569 3637 1627 3702 der
1649 3639 1773 3704 alteren
1795 3641 1868 3705 Rei-

197 3753 509 3840 sebeschreibungcn
524 3754 593 3819 Vel.
608 3755 641 3819 11
657 3756 771 3840 partic.
786 3755 801 3818 l
818 3777 849 3840 p.
862 3762 901 3821 lt
921 3776 990 3841 sqq.
1006 3792 1047 3800 —
1066 3754 1160 3818 Folio
1179 3754 1333 3820 CLXIIII
1349 3775 1443 3818 verse
1459 3752 1591 3839 legitur:
1612 3754 1694 3840 Ego,
1709 3756 1868 3821 Berchar·

194 3876 270 3958 dus,
303 3872 522 3959 professorum
549 3892 641 3934 sacre
664 3872 782 3957 pagine
804 3871 972 3950 minimus,
995 3880 1148 3955 quantum
1170 3893 1312 3956 pessum,
1335 3881 1455 3935 terram
1477 3871 1589 3950 istam,
1613 3893 1709 3956 quam
1731 3872 1867 3959 pedibus

196 3992 274 4056 meis
296 3989 419 4076 pluries
442 3988 649 4074 pertransiui,
671 3996 824 4073 quantum
844 3988 933 4073 potui
956 3986 1160 4050 consideratii
1183 3995 1214 4050 et
1234 4009 1264 4072 q.
1288 4010 1313 4050 s.

194 4110 314 4183 Edeta>
339 4106 383 4180 Η
401 4125 488 4185 rste.
524 4123 660 4181 Veneres.
689 4125 718 4185 s.

360 4236 515 4301 Veridica
538 4240 631 4317 terire
653 4246 777 4298 sancte:
807 4236 1038 4320 regionumque
1060 4236 1285 4299 finitimarum:
1316 4257 1355 4300 ac
1376 4236 1411 4299 in
1431 4237 1477 4299 eis
1497 4235 1502 4317 Ι
1521 4233 1716 4300 mirabilium
1741 4237 1867 4316 delacri-

360 4355 437 4440 ptio.
480 4353 646 4439 Nusquam
666 4354 670 4429 Ι
690 4352 827 4416 antchac
849 4353 1026 4439 imlpressa.

403 4467 606 4553 Subscriptio
638 4466 716 4531 haec
739 4478 801 4531 est:
829 4469 1029 4555 Impressum
1052 4468 1198 4555 Uenetijs
1220 4470 1252 4532 in
1281 4466 1395 4531 edibus
1417 4466 1548 4532 loannis
1570 4467 1709 4531 Tacuini
1734 4467 1773 4531 de
1796 4468 1866 4532 Tri-

361 4585 452 4666 dine,
480 4607 564 4649 anno
587 4583 767 4647 bI.D.XlX.
796 4583 849 4647 clie
870 4584 916 4648 IV
937 4587 1056 4649 mensis
1077 4584 1217 4671 Aprilis,
1245 4593 1402 4669 regnante
1423 4582 1533 4648 inclito
1554 4582 1727 4647 Leonardo
1747 4584 1868 4647 Laure-

359 4713 436 4765 tane
458 4702 615 4786 principe.

316 4818 462 4903 Paginae
484 4816 630 4901 singulae
653 4818 795 4881 numeris
816 4826 938 4897 carent,
961 4816 1148 4882 custodibus
1168 4840 1231 4882 non
1255 4828 1376 4880 carent.

316 4934 480 4998 Praefatio
502 4934 659 5018 inscripta
683 4943 748 4996 cst:

360 5049 412 5112 Ad
432 5048 644 5112 reverendum
666 5050 699 5112 in
715 5048 845 5114 Christe
866 5061 993 5135 patrem
1010 5047 1238 5112 Eberhardum
1260 5046 1300 5111 dc
1318 5047 1421 5114 Cliuis
1441 5084 1479 5093 -—
1498 5067 1591 5110 sacre
1609 5043 1772 5129 theologie
1795 5069 1868 5132 pre·

358 5166 531 5245 sessorem,
561 5166 727 5249 prouincie
750 5164 952 5229 Thenthenie
973 5164 1109 5228 fratrum
1131 5162 1256 5227 ordinis
1279 5162 1489 5250 predicatorii
1511 5160 1656 5224 Priorem
1678 5159 1867 5226 Prouincia-

360 5280 423 5344 lem
450 5282 571 5367 optime
603 5281 770 5363 meritum,
800 5282 901 5344 lieter-
920 5281 1059 5345 loannes
1088 5279 1174 5344 Host
1202 5279 1242 5344 de
1266 5277 1449 5343 Rernberch
1477 5276 1694 5363 Kyrspensis,
1725 5278 1868 5342 eiusdem

360 5394 483 5461 ordinis
506 5406 538 5461 et
559 5398 740 5482 prouincie,
765 5396 799 5461 S.
821 5397 857 5460 P.
881 5397 923 5461 D.

317 5511 470 5577 Testatur
492 5515 525 5577 in
547 5514 609 5578 hac
624 5512 761 5599 epistola
776 5514 912 5578 Ioannes
926 5513 1021 5595 Hest,
1045 5536 1079 5577 se
1095 5536 1115 5577 a
1131 5514 1232 5577 fratre
1252 5511 1484 5597 Chrysostome
1500 5507 1540 5572 de
1555 5507 1676 5589 Casali,
1694 5507 1867 5595 Gymnasii

194 5626 406 5693 Bononiensis
424 5629 578 5715 Itegentc,
601 5628 792 5715 opuseulum
815 5628 974 5713 perbreue
996 5628 1223 5716 descriptionis
1247 5640 1353 5691 terrae
1377 5637 1509 5691 sanctae
1529 5647 1549 5689 a
1569 5623 1749 5690 venerabili
1770 5626 1868 5690 Patre

1623 5745 1657 5794 2·
