4214 6096
1118 389 1153 434 Vl

304 560 426 634 lucem
458 557 597 633 datum.
649 559 781 632 Talem
806 556 911 651 enim
928 555 1127 630 editionem
1155 585 1338 656 nusquam
1365 558 1591 657 investigare
1618 560 1824 658 potuimus;
1860 588 1974 661 quare

303 711 401 783 hanc
424 710 631 809 principem
654 708 776 784 dicere
790 722 917 782 nostro
933 706 1043 782 nobis
1058 708 1137 782 iure
1160 708 1339 782 videmur.
1381 708 1462 782 Nec
1477 736 1634 807 parvum
1653 709 1762 784 nobis
1776 713 1975 811 negocium

304 859 516 935 facessebat
542 885 685 954 rerum,
712 887 804 959 quas
828 858 1004 933 Ricoldus
1033 859 1222 953 tractavit,
1249 858 1444 958 variegata
1470 857 1708 955 abundantia,
1734 888 1808 960 qua
1834 863 1974 937 factum

308 1037 419 1142 sappe
457 1024 534 1105 est,
564 1011 669 1085 utin
693 1010 933 1086 annotatione
959 1009 1192 1094 elaboranda
1216 1012 1505 1104 haesitaremus,
1533 1012 1622 1084 satis
1652 1039 1831 1112 magnam
1866 1014 1974 1087 alteri

305 1176 392 1262 post
417 1161 650 1239 noseditori
674 1188 835 1237 messem
859 1161 1035 1240 relicturi.
1088 1162 1239 1238 Gratias
1267 1176 1392 1237 autem
1417 1188 1494 1235 non
1519 1188 1717 1261 possumus
1750 1191 1826 1239 non
1862 1190 1974 1264 agere

307 1340 420 1412 quam
446 1313 631 1387 maximas
646 1312 880 1388 Bethmanno
904 1311 950 1386 V.
973 1301 1040 1409 Ol,
1066 1312 1318 1388 bibliothecae
1346 1310 1656 1411 guelferbytanae
1683 1315 1884 1414 praefect0,
1912 1315 1975 1413 qui

307 1463 449 1539 codicis
476 1462 636 1537 miscelli
657 1461 855 1539 Ricoldum
879 1465 1100 1538 continentis
1122 1463 1232 1540 nobis
1254 1464 1402 1564 copiam
1426 1462 1547 1592 fecit..

432 1615 515 1720 lam
542 1612 740 1714 dicendum
767 1614 891 1715 estude
914 1613 1076 1691 Odorico
1102 1615 1361 1709 Foroiuliensi,
1385 1613 1489 1687 cuius
1514 1611 1744 1688 itinerarium
1769 1640 1883 1712 quum
1909 1639 1976 1713 per

306 1773 346 1842 s'e
373 1761 709 1840 fructuosissimum
732 1737 798 1866 est,
823 1778 902 1865 tum
928 1733 1177 1841 illustrissimo
1202 1763 1487 1849 Ἰνρικοπλεύστου
1513 1763 1663 1837 nomine
1682 1763 1775 1839 adeo
1800 1766 1974 1868 nobilita·

306 1931 383 2012 tur,
415 1931 457 1990 ut
488 1914 691 2017 neminem
712 1898 804 2016 fdre
819 1905 1031 2016 opine‘mur,
1067 1918 1157 2016 quin
1178 1910 1391 2015 ¹Georgium
1417 1912 1623 2007 Pertzium,
1656 1917 1785 2014 magni
1814 1919 1973 1992 nominis

307 2067 447 2160 rim,
476 2065 729 2140 bibliothecae
756 2066 1002 2141 berolinensis
1028 2067 1157 2167 regiae
1181 2067 1412 2167 praefectum
1448 2063 1685 2165 primarimn,
1722 2068 1785 2164 qui
1820 2095 1888 2168 pro
1920 2096 1973 2165 ea,

308 2245 383 2317 qua
408 2221 475 2313 est,
493 2217 726 2291 humanitate
751 2231 788 2291 et
813 2216 1050 2311 liberalitate,
1071 2231 1112 2291 ut
1138 2232 1250 2292 antea
1276 2215 1547 2309 Wilbrandum,
1572 2215 1626 2288 ita
1649 2242 1748 2291 nunc
1774 2186 1975 2293 Odoricum

307 2369 399 2444 mihi
415 2367 688 2463 commodavit,
714 2367 838 2442 animo
865 2383 1113 2468 prosequatur
1137 2361 1362 2468 gratissimo.

307 2699 376 2747 nos
404 2683 441 2745 et
462 2669 549 2744 libri
575 2684 628 2770 p'

438 2517 884 2839 Wilbranldaewlenique
911 2518 1260 2621 Oldenburgensem
1286 2533 1327 2594 ut
1352 2521 1486 2593 iterum
1511 2544 1806 2612 recenseremus,
1829 2518 1976 2618 impulit

728 2677 754 2764 ',
785 2684 823 2745 et
848 2671 1035 2746 immerita
1061 2672 1251 2772 scriptoris
1277 2669 1555 2771 generosissimi
1589 2669 1807 2744 obscuritas.
1860 2671 1974 2745 Cuius

308 2820 678 2922 peregrinatinonem
705 2820 896 2922 scriptoris
920 2805 1036 2923 ipsius
1057 2822 1155 2897 libro
1180 2821 1218 2898 II
1230 2803 1276 2896 io]
1303 2821 1396 2895 XIll
1435 2804 1655 2895 adctoritate
1688 2802 1757 2929 nos
1792 2802 1903 2921 primi
1936 2800 1988 2895 in

307 2974 444 3069 libros,
479 2972 621 3072 capita,
660 2973 843 3048 sectiones
870 2970 1155 3075 dispertivimus.
1223 2972 1392 3070 Denique
1424 2973 1516 3046 mihi
1550 2971 1677 3068 crede,
1718 2973 1755 3046 in
1789 2971 1975 3046 Wilbran-

310 3125 400 3199 dum
437 3137 474 3198 et
509 3107 784 3216 Burchardum,
816 3124 855 3198 in
886 3123 1084 3200 Ricoldum
1117 3137 1155 3198 et
1186 3122 1389 3199 Odoricum
1419 3139 1563 3198 tantam
1593 3138 1631 3197 et
1658 3151 1757 3198 nuno
1795 3138 1832 3197 et
1866 3141 1976 3200 antea

308 3303 463 3377 operam
488 3302 548 3350 me
572 3275 790 3370 contulisse,
823 3288 964 3374 quanta
990 3273 1132 3374 optimo
1159 3273 1292 3374 cuique
1319 3301 1454 3348 aureae
1481 3274 1615 3349 aetatis
1642 3275 1812 3374 scriptori
1845 3277 1975 3351 navari

309 3427 406 3526 solet
428 3428 610 3523 maxima3
645 3426 782 3526 quippe
814 3425 877 3524 qui
903 3451 1029 3500 meum
1055 3451 1135 3500 esse
1162 3441 1333 3526 putarem
1360 3425 1452 3500 illud
1486 3454 1554 3526 pro
1584 3427 1682 3501 virili
1710 3440 1817 3527 parte
1851 3453 1973 3527 agere.

307 3578 534 3653 Interiacent
561 3578 660 3652 enim
683 3574 797 3652 medii
824 3575 909 3651 aevi
931 3577 1231 3678 peregrinatores
1264 3578 1360 3652 inter
1385 3576 1594 3653 Bibliorum
1623 3603 1814 3651 sacromm
1848 3594 1884 3653 et
1919 3605 1975 3655 re-

309 3729 520 3804 centiorum
542 3729 728 3803 viatorum
752 3727 869 3802 libros
896 3728 1003 3826 quasi
1024 3756 1119 3829 pons
1147 3728 1363 3823 continuus,
1388 3755 1500 3826 quem
1526 3729 1588 3827 qui
1609 3729 1828 3828 neglexerit,
1852 3729 1977 3804 videat

306 3905 354 3954 ne
377 3880 416 3953 in
439 3894 614 3980 stagnum
642 3878 833 3954 demersus
859 3879 1131 3980 imprudentiae
1157 3906 1299 3980 poenas
1332 3880 1432 3973 luat,
1465 3892 1597 3954 contra
1629 3879 1691 3978 qui
1724 3880 1879 3955 firmiter
1914 3909 1977 3956 ex·

308 4044 489 4104 structum
511 4030 634 4124 intret,
658 4056 730 4105 nae
745 4031 776 4105 is
794 4031 857 4104 via
878 4044 981 4104 recta
1006 4045 1042 4105 et
1064 4044 1145 4105 tuta
1171 4030 1219 4105 ad
1244 4057 1371 4105 veram
1398 4044 1520 4104 terrae
1546 4044 1697 4103 sanctae
1722 4031 1974 4130 cognitionem

269 4164 275 4180 ³
307 4181 508 4280 perveniet.
561 4179 673 4272 Quod
699 4193 740 4254 ut
766 4178 949 4275 omnibus,
974 4180 1038 4280 qui
1060 4179 1155 4257 haec
1181 4183 1326 4288 legent,
1346 4182 1557 4281 contingat,
1581 4207 1628 4255 ex
1655 4182 1779 4256 animo
1807 4196 1978 4281 optatum
2008 4252 2012 4262 .

306 4332 490 4407 volumus.

431 4498 625 4573 Dabamus
647 4496 975 4574 Neodettelsaviae
1001 4524 1129 4578 mense
1153 4497 1254 4572 lulio
1279 4525 1376 4573 anno
1403 4498 1736 4575 MDCCCLXlllI.
