4214 6096
862 672 1084 737 ...23-

192 883 311 934 orrens
333 865 389 932 sni
410 865 557 931 nituntur
585 862 681 932 hasta
709 864 858 930 transire.
906 861 1039 951 Quodsi
1068 860 1192 952 aliquis
1220 857 1377 927 fefellerit
1406 867 1439 926 et
1467 857 1625 926 circulum
1655 856 1754 925 hasta
1786 854 1839 920 33.

190 1008 259 1057 non
281 990 462 1071 transierit,
494 988 636 1057 lntlihrio
664 988 798 1056 hahitus
827 989 869 1056 ah
900 988 1070 1071 omnihus,
1098 1010 1121 1055 a
1143 988 1301 1074 magistro
1324 984 1463 1054 militum
1486 966 1754 1055 Boirlewinorunt

191 1131 303 1202 pugno
327 1114 441 1183 feritur
462 1117 497 1182 in
520 1113 776 1202 uituperium²⁶².
822 1112 889 1182 Ubi
916 1115 1039 1183 milites
1063 1090 1250 1182 Christiani
1265 1108 1481 1180 Boidewirtos
1509 1114 1600 1180 iusta
1625 1111 1754 1181 curiali-
1787 1111 1840 1175 34.

192 1251 294 1310 tatem
304 1240 344 1280 ²⁶³
365 1241 472 1310 seculi
485 1239 523 1280 ²⁶⁴
546 1242 656 1310 soleat
678 1241 851 1326 honorare,
874 1243 960 1328 ipsis
984 1244 1090 1309 eciam
1110 1243 1211 1309 xenia
1234 1261 1295 1309 sua
1320 1238 1558 1308 conferentes.¹

327 1404 515 1472 Notandum
538 1406 661 1489 eciam,
692 1406 782 1495 quod
812 1414 864 1472 est
894 1404 980 1472 alius
1003 1427 1100 1473 mons
1123 1403 1294 1472 Carmelus
1307 1401 1346 1441 ²⁶⁵
1368 1404 1402 1468 in
1426 1404 1558 1469 deserto
1583 1401 1693 1469 Gades
1706 1382 1758 1485 ²⁶⁶,
1788 1406 1843 1469 35.

192 1499 255 1597 uhi
278 1526 391 1599 Dauid
424 1531 586 1615 latitanit,
622 1533 755 1619 quando
789 1530 875 1617 fugit
901 1552 921 1596 a
950 1529 1038 1599 iacto
1069 1532 1161 1600 Saul.
1197 1501 1279 1597 'Ubi
1313 1532 1433 1599 iurauit
1469 1509 1622 1597 occidere
1651 1500 1757 1597 uirum
1790 1535 1842 1596 36.

194 1657 331 1725 stultum
364 1652 489 1736 Nabal,
528 1660 661 1746 444444
700 1658 879 1744 denegauit
917 1661 949 1725 ei
983 1656 1216 1746 prandium²⁶'.
1273 1657 1325 1724 Ex
1358 1656 1457 1724 huius
1492 1667 1599 1722 autem
1634 1656 1756 1750 montis
1790 1658 1845 1724 37.

195 1780 451 1873 equinooatione
474 1783 567 1852 multi
591 1786 752 1853 ducuntur
774 1787 807 1850 in
832 1807 982 1853 errorem.

328 1931 410 1997 ltem
433 1951 454 1996 a
481 1941 593 2004 monte
616 1928 768 1998 Carmelo
795 1932 933 2017 perueni
957 1929 1193 2000 Cesaream²⁶⁸.
1240 1930 1282 1996 Et
1305 1931 1443 1999 transiui
1471 1951 1529 2018 per
1559 1927 1758 2012 iluuium²⁶⁹,
1791 1931 1845 1994 38.
1881 1931 1934 1994 39.

196 2060 252 2149 qni
276 2054 349 2124 fluit
373 2058 414 2125 tie
433 2055 596 2140 Carmelo,
619 2056 654 2123 in
678 2076 745 2147 quo
767 2054 863 2124 multi
887 2071 964 2124 sunt
986 2055 1220 2127 coconrsstiflt
1254 2058 1323 2124 lsta
1342 2055 1484 2124 Cesaram
1509 2068 1560 2125 est
1577 2052 1759 2138 Palestina,
1792 2060 1845 2123 46.

196 2199 261 2273 que
290 2184 456 2275 quondam
486 2184 576 2252 ‹iicta
604 2194 658 2252 est
686 2180 816 2269 norw,
846 2196 879 2252 et
906 2205 974 2252 non
1003 2180 1164 2274 Philippi,
1199 2182 1242 2253 44
1271 2205 1336 2275 qua
1365 2181 1517 2271 supra²²²
1547 2185 1667 2252 dictum
1698 2171 1760 2250 est.

197 2312 261 2381 llic
284 2312 451 2400 qnondam
473 2308 538 2380 tait
559 2311 657 2378 turris
681 2307 855 2380 Stratonis.
901 2310 996 2380 Hanc
1018 2314 1187 2382 ciuitatem
1209 2293 1253 2378 ati
1274 2306 1434 2407 honorem
1457 2283 1607 2397 Augusti
1627 2309 1761 2379 Cesaris
1794 2292 1846 2373 41.
1884 2309 1936 2372 44.

196 2432 364 2522 llerories,
399 2459 456 2506 rex
478 2436 606 2521 44444,
637 2437 814 2507 Cesaream
844 2438 1035 2527 appellauit.
1081 2437 1147 2506 Uhi
1177 2438 1295 2526 incipit
1324 2410 1468 2526 regiam
1497 2430 1678 2505 Palestina.
1725 2437 1761 2504 ln
1794 2436 1848 2500 t3.
1884 2435 1937 2498 tt.

197 2558 262 2633 hao
296 2567 431 2634 ciuitate
466 2565 534 2633 uiti
569 2563 748 2633 eeclesiam
787 2566 894 2633 saneti
928 2560 1018 2634 Petri
1030 2564 1080 2651 ²⁷⁴,
1122 2566 1308 2633 edificatam
1349 2567 1391 2633 44
1431 2567 1530 2633 domo
1566 2560 1711 2633 Cornelii
1724 2562 1763 2604 ⁹⁷⁵

198 2690 419 2776 centurionis,
451 2713 550 2781 44444
573 2701 711 2760 sanetus
734 2688 856 2760 Petrus
880 2696 1044 2760 conuertit
1066 2703 1099 2759 et
1121 2686 1320 2780 baptizarit,
1350 2704 1383 2762 et
1406 2694 1488 2761 edes
1511 2670 1657 2781 Philippi
1670 2690 1708 2730 ²⁷⁶
1730 2705 1764 2761 et
1845 2774 1848 2779 Ι

201 2817 354 2891 euhienla
376 2828 517 2907 quatuor
538 2818 702 2906 uirginum
724 2818 1009 2907 prophetissarum
1019 2815 1068 2883 ¹²¹.
1195 2807 1198 2813 ’
1508 2810 1510 2815 ⁴
1599 2809 1602 2812 Δ

333 2971 457 3040 Postea
479 2976 503 3037 a'
523 2971 667 3040 Cesarea
695 2969 867 3038 Palestina
895 2972 973 3039 ueni
996 2939 1104 3039 Assur
1115 2968 1165 3055 ⁹²⁸,
1196 2972 1362 3062 qnondam
1392 2973 1561 3040 ciuitatem
1591 2935 1764 3051 famosam,
1796 2981 1849 3045 45.

200 3099 301 3167 modo
329 3098 400 3169 sere
429 3097 622 3168 desolatam.
668 3097 734 3165 Ubi
764 3096 942 3189 aliquando
970 3096 1093 3168 milites
1118 3097 1335 3167 famosissimi
1359 3111 1393 3167 et
1416 3102 1532 3187 optimi
1555 3100 1657 3185 totius
1681 3111 1765 3168 terre
1797 3110 1850 3172 46.

200 3225 387 3295 extiterant

310 3538 378 3612 464)
397 3538 569 3614 4444444444]
589 3543 824 3610 vituperationem.
857 3540 934 3611 Apud
948 3541 1117 3610 iinoauginm
1134 3539 1188 3599 hoo
1202 3546 1296 3598 vocab.
1314 3559 1369 3598 non
1384 3545 1526 3600 invenitur.
1540 3570 1577 3585 -
1590 3542 1658 3614 483)
1677 3545 1766 3599 curia*

200 3645 314 3718 litatem]
327 3653 522 3706 Germanorum
538 3649 619 3706 medii
639 3651 698 3704 aeri
716 3649 869 3717 4444444444,
888 3660 918 3704 44
937 3651 1009 3719 apud
1024 3651 1156 3706 Manassii
1172 3653 1270 3720 poetae
1289 3654 1435 3708 erotiooel
1453 3652 1514 3723 434,
1532 3656 1667 3723 significat
1682 3656 1766 3709 comi·

200 3758 304 3826 tatem,
328 3760 521 3816 urbanitatem.
538 3786 575 3802 -
592 3758 661 3830 464)
679 3756 767 3829 amah]
793 3759 898 3828 mandi,
923 3761 1097 3827 Francogalil
1117 3760 1210 3814 dieunt
1232 3761 1369 3816 monoteta
1387 3762 1422 3816 44
1439 3765 1537 3817 monde.
1555 3768 1597 3806 -'
1610 3753 1678 3831 465)
1695 3781 1768 3817 mona

206 3865 583 3937 0444441444444444444.
614 3868 676 3923 Viti.
694 3868 788 3923 liitter
801 3868 866 3922 xlv
887 3866 936 3922 467
956 3886 978 3922 4.
1012 3871 1085 3923 Sam.
1101 3869 1114 3922 l
1131 3867 1176 3923 45.
1196 3896 1231 3909 -
1249 3866 1318 3938 466)
1338 3847 1431 3939 Codes]
1449 3870 1510 3926 Viti.
1521 3865 1687 3927 Robinsonl
1704 3868 1768 3940 334,

200 3975 228 4028 u
246 3973 309 4030 aar.
327 4003 363 4018 -
381 3975 451 4049 aar)
469 3975 728 4050 4444444444]
740 3974 803 4030 vra.
820 3973 1103 4047 resaxxvasqq.
1120 4002 1157 4019 -
1174 3977 1242 4050 aas)
1263 3978 1410 4048 44444]
1424 3981 1500 4049 uago
1518 3978 1666 4036 444444
1685 3966 1770 4037 444-

203 4082 345 4154 grinoruua
362 4085 481 4143 nortun
500 4088 654 4143 restitutam
673 4092 738 4141 erat.
756 4086 819 4142 4444.
837 4087 942 4142 willer
961 4089 998 4142 VI
1019 4086 1133 4143 459-
1159 4086 1227 4158 469)
1238 4088 1368 4160 fluuium]
1393 4103 1464 4145 nuno
1481 4088 1558 4144 Nahr
1576 4081 1714 4147 ei-Zorira.
1734 4086 1770 4132 -’-

204 4189 273 4262 470)
293 4195 435 4266 4444444444]
453 4196 515 4253 44414
537 4196 672 4252 4444444444
694 4193 801 4265 dieunt,
835 4203 866 4250 ut
897 4204 971 4252 recte
995 4204 1089 4253 monet
1104 4197 1213 4265 Deyoira
1236 4197 1273 4252 44
1290 4196 1435 4252 Lndoiium
1461 4196 1496 4254 de
1515 4197 1642 4256 Sueltem.
1679 4202 1771 4258 Quare

202 4300 269 4358 nihii
288 4304 447 4359 mamutium
465 4312 534 4374 erat,
552 4306 714 4375 praesertim
733 4320 813 4374 quum
832 4307 860 4359 in
878 4307 1031 4362 universum
1046 4304 1176 4362 haereant
1193 4302 1337 4377 philologi,
1354 4314 1446 4362 utrum
1463 4306 1614 4375 4444444444,
1632 4324 1667 4364 an
1683 4282 1770 4362 amuo-

204 4411 274 4466 44444
292 4390 468 4468 scribendum
484 4415 529 4468 sit.
548 4443 585 4454 -
602 4414 669 4483 471)
687 4412 757 4484 Dor]
773 4416 896 4483 Minime,
914 4417 971 4471 Dor
986 4415 1078 4471 differt
1094 4432 1111 4471 a
1125 4415 1275 4474 caesarea:
1294 4415 1348 4472 vid.
1362 4414 1454 4472 Ritter
1469 4418 1487 4471 i.
1503 4434 1527 4472 4.
1544 4447 1580 4458 -
1594 4412 1663 4486 474)
1679 4417 1771 4490 upra]

203 4518 264 4575 ull
280 4521 323 4586 §l
338 4539 364 4590 p.
374 4518 400 4575 6.
428 4521 469 4577 De
485 4524 622 4578 Caesarea
635 4525 805 4580 Palaestinae
823 4523 876 4581 rid.
890 4525 982 4582 Ritter
989 4527 1053 4581 xvt
1072 4524 1125 4581 598
1143 4524 1205 4582 947.
1220 4557 1256 4570 -
1270 4522 1337 4596 473)
1356 4504 1426 4598 rapio
1436 4524 1584 4594 Palatina]
1599 4525 1670 4580 Plio.
1684 4521 1721 4578 H.
1734 4522 1772 4608 N.

202 4630 235 4684 v.
258 4631 290 4685 tt
307 4633 421 4700 legitote
442 4631 570 4688 eona..
578 4634 650 4703 flos
664 4633 841 4690 Paneion...
880 4637 927 4690 cn
945 4637 1037 4690 4444
1054 4637 1104 4690 xv
1115 4635 1160 4704 (ι)
1182 4632 1241 4690 101.
1261 4666 1296 4679 -
1314 4632 1382 4704 att)
1400 4635 1486 4691 444
1500 4632 1590 4703 Pam]
1606 4620 1667 4687 vra.
1681 4630 1773 4686 44444

203 4731 339 4796 iltioni.
366 4739 519 4796 watiensi
532 4740 593 4796 458.
616 4746 672 4797 Arx
686 4745 781 4813 igitur,
801 4747 877 4800 cuiue
892 4731 1014 4798 meminit
1022 4722 1275 4811 tvaimhundam
1294 4745 1423 4801 reetltnta
1441 4739 1632 4812 eree-lli)
1644 4726 1772 4810 Cornelii]

204 4842 265 4904 vra.
276 4850 438 4919 letulpil
455 4850 479 4904 i.
496 4878 534 4893 -ι
551 4849 615 4921 476]
635 4854 691 4907 edes
701 4853 836 4927 Philippa]
855 4854 1053 4922 evangelistam
1072 4852 1125 4908 rid.
1144 4855 1272 4924 nctoap.
1283 4854 1388 4910 444448.
1402 4883 1437 4894 -
1453 4850 1522 4923 477)
1539 4847 1775 4925 prophetissarum]

205 4952 478 5028 vaanentpxxt
496 4959 577 5014 9.-
596 4959 664 5031 478)
684 4962 784 5033 Assar]
803 4976 872 5018 nnnc
890 4963 980 5018 44444.
1014 4962 1094 5034 Apntl
1108 4964 1274 5020 willermum
1287 4965 1436 5034 Tyreneem
1454 4961 1587 5017 historiae
1605 4961 1623 5014 i.
1640 4959 1680 5017 tx
1698 4935 1723 5016 o'.
1739 4954 1774 5014 49

206 5083 233 5137 p.
257 5064 310 5123 774
328 5071 413 5126 aretur
430 5071 592 5141 appellatur,
610 5086 664 5129 uon
683 5073 776 5144 arant,
793 5072 822 5130 44
841 5071 913 5143 quoi
931 5091 1000 5144 paee
1017 5072 1119 5132 ilitteri
1137 5071 1263 5145 dixerint,
1281 5088 1362 5147 quem
1379 5072 1472 5130 videas
1487 5069 1553 5129 xv1
1570 5066 1633 5129 530.
