4214 6096
1078 340 1114 401 10

827 553 876 614 20.
904 565 1023 614 consx
1044 562 1365 613 rsrnorosrrnurs.

379 665 491 732 Codex
503 664 725 730 Bibliothecae
740 661 922 750 lmperialis
944 662 1094 750 publicae
1109 664 1372 752 Petropolitanae
1391 662 1524 728 membr.
1545 662 1774 750 quaternarius
1789 662 1932 727 continet

253 780 434 847 Borchardi
447 780 710 868 Descriptionem
731 791 839 845 terrae
861 790 1002 861 sanctae,
1023 777 1122 844 sectili
1135 778 1216 844 XVI
1232 778 1381 844 foliorum
1406 783 1452 845 16.
1488 778 1527 842 V.
1544 778 1639 842 Perta
1656 775 1782 843 Archiv
1794 776 1845 841 Xl
1859 780 1930 844 tao.

881 951 931 1012 21.
960 961 1079 1011 cousx
1101 962 1301 1013 runcansrs.

377 1078 599 1143 Bibliothecae
628 1077 858 1142 Universitatis
887 1076 1063 1162 Pragensis
1092 1079 1192 1142 inest:
1231 1076 1413 1143 Burchardi
1442 1076 1483 1143 de
1510 1078 1622 1143 Monte
1651 1076 1729 1142 Sion
1754 1074 1930 1161 descriptio

253 1207 360 1259 terrae
382 1207 523 1276 sanctae,
546 1196 638 1279 signo
658 1194 706 1260 lll
728 1194 769 1258 Η.
798 1201 841 1259 15.
882 1192 921 1257 V.
940 1192 1038 1257 Perta
1058 1193 1183 1259 Archiv
1201 1194 1252 1259 lX
1274 1201 1344 1262 tro.

846 1364 894 1424 22.
921 1375 1040 1424 consx
1061 1376 1339 1424 unrrsnonnnsrs.

378 1491 480 1556 Henr.
504 1492 655 1558 Canisius
688 1513 730 1556 ex
756 1490 961 1556 Bibliotheca
987 1490 1176 1556 monasterii
1207 1492 1435 1556 canonicorum
1459 1491 1656 1578 regularium
1690 1488 1723 1554 S.
1745 1488 1860 1573 Magni
1888 1486 1931 1552 ad

255 1607 371 1694 pedem
392 1609 501 1694 pontis
517 1606 765 1672 Ratisbonensis
787 1605 889 1672 edidit
901 1604 1085 1671 Burchardi
1108 1605 1148 1671 de
1163 1606 1274 1672 Monte
1291 1607 1370 1672 Sion
1392 1607 1643 1692 descriptionem
1663 1617 1770 1671 terrae
1788 1615 1930 1669 sanctae.

898 1778 948 1841 23.
978 1788 1096 1837 counx
1118 1789 1290 1837 ronanus.

377 1904 499 1970 Romae
527 1907 560 1970 in
590 1905 750 1971 Vaticano
779 1905 959 1970 custoditur
986 1903 1069 1969 liber
1100 1928 1178 1988 ms,
1205 1911 1261 1992 qui
1290 1905 1367 1970 olim
1395 1882 1595 1987 christinae,
1624 1905 1761 1970 Sueciae
1787 1906 1930 1990 reginae,

255 2020 355 2084 fuisse
377 2019 511 2103 dicitur,
542 2021 823 2104 membranaceus,
852 2023 997 2105 signatus
1020 2026 1243 2104 6661616430,
1265 2021 1365 2087 seculi
1384 2021 1480 2101 XIV,
1503 2023 1678 2108 inscriptus
1700 2022 1830 2085 nomine
1850 2019 1930 2086 Bor·

255 2134 351 2222 gardi
380 2136 420 2201 de
436 2136 546 2201 Monte
561 2137 650 2202 Sion.
694 2136 798 2217 Quem
821 2137 939 2202 librum
955 2137 1068 2204 Victor
1087 2137 1234 2204 Clericus
1255 2160 1405 2203 mancum
1426 2149 1457 2201 et
1469 2136 1684 2202 ratisbonensi
1702 2135 1841 2202 similem
1858 2158 1930 2202 esse

255 2261 375 2317 censet.
406 2252 446 2317 V.
468 2252 554 2317 Hist.
572 2252 619 2317 lit.
641 2251 734 2318 dela
755 2253 812 2318 Fr.
834 2253 917 2318 XXI
940 2260 1012 2320 205.

866 2425 914 2487 24.
942 2436 1059 2485 consx
1084 2439 1319 2487 rnunmsnsrs

377 2549 599 2616 Bethmannus
631 2552 740 2627 (Pertz
773 2551 893 2617 Archiv
919 2551 969 2616 IX
998 2557 1070 2629 008)
1097 2555 1212 2636 refert,
1239 2554 1407 2641 Augustae
1428 2552 1645 2618 Taurinorum
1674 2553 1708 2616 in
1736 2549 1931 2616 bibliotheca

255 2665 486 2732 Universitatis
507 2670 670 2733 asservari
693 2667 827 2733 membr.
849 2666 904 2733 tol.
923 2669 999 2732 min.
1018 2690 1080 2734 sec.
1098 2669 1189 2752 XIV,
1212 2671 1373 2756 signatum
1388 2668 1429 2734 H.
1444 2670 1469 2734 Ι.
1486 2675 1532 2748 12,
1555 2671 1589 2734 in
1608 2691 1671 2754 quo
1694 2667 1791 2734 fi238
1810 2676 1930 2732 exstat:

421 2782 629 2850 Brochardus
651 2783 870 2850 Theotonicus
897 2783 937 2849 dc
963 2794 1053 2849 terra
1084 2797 1208 2850 sancta.
1249 2785 1355 2868 „Cum
1381 2786 1415 2850 in
1443 2783 1607 2850 veteribus
1626 2785 1760 2871 ystoriis
1781 2820 1822 2830 —
1842 2781 1931 2848 dictu

421 2899 615 2965 sufficiant.“

877 3038 926 3099 25.
957 3048 1076 3098 conns
1098 3051 1309 3099 vrnsnsnsrs.

380 3163 649 3228 Wattenbachius
670 3162 711 3228 V.
734 3163 776 3228 D.
802 3162 942 3229 Viennae
962 3166 996 3230 in
1018 3163 1222 3230 Bibliotheca
1241 3165 1348 3230 Aulae
1368 3167 1448 3251 imp.
1468 3186 1537 3250 reg.
1559 3165 1643 3229 vidit
1664 3164 1824 3231 codicem:

423 3279 508 3343 Hist.
527 3280 610 3364 prol.
633 3285 703 3362 661,
725 3302 811 3344 nunc
832 3288 892 3347 509
913 3281 1047 3346 membr.
1071 3292 1219 3369 quatern.
1249 3304 1312 3346 see.
1334 3280 1423 3345 XIV.
1465 3279 1563 3348 Hune
1581 3280 1725 3347 libellum
1750 3280 1841 3345 dedit
1861 3303 1930 3346 mo-

422 3397 564 3459 nasterio
593 3393 627 3460 S.
649 3394 817 3460 Dorothee
844 3394 1038 3462 Viennensis
1065 3397 1219 3463 fundator
1245 3400 1325 3463 eius.
1345 3432 1385 3444 -
1407 3434 1447 3444 -
1468 3434 1509 3444 -
1535 3397 1589 3466 fol.
1613 3403 1642 3463 3.
1686 3396 1774 3477 Quot
1800 3398 1929 3464 fuerunt

420 3511 573 3576 demones
595 3512 629 3575 in
651 3511 756 3599 lapsu.
798 3511 927 3576 Deinde

463 3626 646 3692 Purchardi
669 3626 709 3692 de
729 3627 839 3693 Monte
862 3627 952 3714 Syon
974 3627 1150 3717 descriptio
1174 3628 1317 3696 locorum
1338 3640 1424 3696 terre
1445 3642 1565 3696 sancte.

380 3743 650 3809 Wattenbachius
671 3743 778 3808 addit:
801 3744 911 3811 Canis.
931 3743 982 3810 ed.
1002 3744 1100 3811 Basn.
1122 3746 1170 3812 IV
1191 3752 1220 3812 6.

683 3932 731 3993 26.
760 3944 878 3992 consx
900 3946 1166 3996 annumeremus
1189 3947 1501 3996 vnnmsnnvusnsrs.

379 4058 515 4123 Praeter
536 4081 609 4141 eos,
631 4058 747 4145 quibus
769 4061 818 4124 usi
842 4083 970 4143 snmus,
999 4060 1100 4127 libros
1124 4086 1200 4127 mss.
1223 4061 1441 4126 Vratislaviae
1464 4060 1506 4127 ad
1532 4062 1645 4127 aedem
1668 4062 1699 4128 S.
1720 4062 1931 4129 Elisabethae

256 4185 444 4242 asservatur
464 4172 648 4239 Burchardi
670 4173 818 4239 monachi
840 4175 1016 4264 descriptio
1037 4189 1145 4243 terrae
1167 4189 1306 4244 sanctae.
1348 4178 1387 4245 V.
1409 4178 1505 4243 Pertz
1525 4180 1650 4245 Archiv
1668 4179 1715 4246 VI
1735 4184 1785 4246 97.

380 4290 472 4355 Haec
494 4288 665 4373 habebam,
686 4311 770 4375 quae
790 4290 831 4355 de
853 4290 1019 4357 codicibus
1041 4291 1227 4359 Burchardi
1249 4294 1400 4358 dicerem.
1442 4295 1510 4359 lam

760 4439 808 4505 (16
836 4443 971 4507 variis
999 4443 1184 4508 codicum
1211 4441 1429 4527 generibus

257 4579 361 4643 panca
383 4554 552 4621 addamus.

380 4668 477 4752 Quod
505 4671 571 4735 iam
599 4670 674 4735 olim
697 4671 924 4758 suspicabatur
945 4674 1083 4739 loannes
1104 4673 1349 4755 Beckmannus,
1382 4673 1415 4737 id
1437 4674 1516 4738 mihi
1534 4696 1726 4760 persuasum
1753 4687 1816 4741 cst:
1848 4678 1930 4742 Bur-

258 4788 414 4854 chardum
438 4791 481 4849 bia
504 4787 690 4873 scripsisse,
711 4787 796 4852 unde
818 4788 902 4853 duae
923 4800 1047 4871 textus,
1070 4812 1151 4875 quas
1173 4788 1292 4870 dieunt,
1317 4791 1530 4873 recensiones,
1552 4790 1616 4858 duo
1640 4793 1786 4858 codicum
1809 4816 1931 4879 genera

256 4915 328 4968 orta
350 4915 433 4969 sunt.
475 4902 620 4967 Primum
643 4888 728 4967 enim
749 4904 959 4969 Burchardus
985 4904 1025 4969 de
1046 4905 1157 4969 Monte
1179 4904 1258 4969 Sion
1287 4928 1305 4970 6
1335 4917 1423 4972 terra
1447 4918 1560 4972 sancta
1587 4907 1630 4972 ad
1650 4911 1788 4974 amicum
1811 4934 1928 4996 cogno·

256 5022 375 5084 minem
395 5019 631 5102 Burchardum,
654 5019 824 5085 Lectorem
845 5021 981 5084 fratrum
1003 5019 1127 5085 ordinis
1147 5021 1429 5106 Praedicatorum,
1452 5023 1634 5090 breviorem
1657 5035 1764 5090 terrae
1786 5026 1929 5115 descrip-

259 5136 378 5199 tionem
400 5138 488 5201 misit
511 5136 786 5223 Magdeburgum,
814 5134 931 5200 deinde
955 5138 989 5201 in
1010 5139 1152 5221 patriam
1175 5137 1279 5203 redux
1300 5137 1340 5203 de
1361 5141 1401 5203 iis
1407 5188 1417 5221 ,
1439 5162 1521 5225 quae
1543 5144 1684 5221 viserat,
1706 5139 1853 5226 pluribus
1874 5166 1928 5208 ex-

259 5251 377 5337 posuit.
419 5251 570 5317 Breviori
602 5252 649 5318 illi
678 5252 890 5338 descriptioni
920 5254 1090 5338 praemisit
1117 5252 1287 5340 epistolam
1316 5254 1359 5318 ad
1380 5257 1519 5321 amicum
1542 5255 1669 5337 datam,
1697 5262 1803 5319 addito
1825 5265 1928 5322 tabula

254 5370 465 5445 qeoyraphica.
507 5368 651 5433 Etenim:
679 5374 743 5438 Qus
765 5373 874 5450 omnia,
896 5370 1019 5456 inquit,
1041 5383 1073 5433 at
1095 5374 1197 5433 melius
1213 5374 1331 5450 possint
1349 5378 1532 5454 peregrinari,
1555 5376 1637 5435 mitto
1657 5377 1739 5435 vobis
1760 5379 1848 5437 simul
1865 5384 1930 5455 pel-

258 5487 321 5562 lem,
343 5485 374 5546 16
395 5489 573 5562 quaomnia
593 5492 635 5547 acl
655 5492 768 5547 oculum
781 5490 969 5568 fipurantur.

379 5599 493 5684 ltaque
515 5599 630 5683 quibus
653 5601 818 5668 codicibus
841 5601 897 5666 illa
919 5601 1057 5687 epistola
1078 5602 1121 5666 acl
1135 5602 1360 5670 Burchardum
1385 5605 1539 5670 lectorem
1561 5604 1639 5670 data
1660 5607 1835 5692 praecedit,
1858 5608 1929 5675 bre·
